2942 4962
404 475 476 564 206
547 503 562 542 ··
741 507 803 556 nn.
828 507 862 556 rv
887 506 1049 554 serenum

399 585 507 700 quod'
522 611 574 670 est
598 591 709 671 valide
733 591 1015 695 improbandum
1036 593 1141 666 licere
1159 591 1322 668 videlieet
1337 595 1377 666 in

398 711 497 811 praxi
506 757 521 802 -,
546 708 678 781 Christi
696 731 848 779 carnem
874 720 910 775 et
943 705 1095 774 enimam
1130 703 1329 776 mentaliter
1354 733 1374 777 a

398 817 578 894 divinitate
594 815 838 918 praescindere,
857 829 905 904 ut,
923 815 988 884 hac
1005 811 1095 884 sacta
1112 812 1271 904 scissura,
1286 815 1375 885 scin·

399 928 502 1002 datur
527 943 563 1002 et
588 927 726 1018 cultus,
750 923 1028 1022 humanitatique
1057 948 1164 996 sacrae
1199 921 1375 996 deleratur

397 1040 549 1114 inferior.
574 1041 729 1111 Tantum
745 1034 789 1106 ad
810 1035 931 1135 judicii
948 1033 1136 1142 theologici
1152 1061 1300 1108 acumen
1317 1035 1376 1110 do·

399 1154 590 1249 ctrinaeque
616 1149 721 1223 crisin
748 1146 952 1238 faciendam
969 1145 1140 1246 ejusmodi
1160 1173 1233 1220 non
1258 1145 1320 1220 abs
1334 1173 1376 1220 re

397 1262 653 1360 paragraphum
687 1259 853 1360 appium,
879 1271 1064 1356 antequam
1094 1259 1259 1331 transitus
1283 1275 1376 1332 esset

395 1368 440 1448 ad
466 1371 601 1446 cultum
629 1369 734 1443 duliae
760 1369 955 1472 practicum
980 1395 1021 1442 ac
1047 1368 1185 1441 realem.

741 1539 867 1614 Cultus
896 1540 1029 1612 Dulioe.

392 1717 409 1770 .·
446 1703 477 1800 ς.
504 1704 538 1777 3.
563 1703 709 1778 Sanctus
726 1701 881 1802 Angelos
898 1717 934 1774 et
945 1705 1059 1804 justos
1075 1728 1233 1803 quosque
1249 1701 1376 1803 ipsem-

394 1837 466 1910 que
490 1813 557 1885 Dei
582 1827 732 1886 matrem
748 1813 785 1882 in
802 1811 904 1886 Coelo
920 1829 1106 1911 regnantes
1126 1812 1287 1911 religioso
1304 1812 1376 1884 cul·

395 1936 436 1994 tu
462 1947 533 1994 non
551 1946 627 1996 esse
644 1919 918 2023 prosequendos,
935 1937 971 1994 et
988 1921 1161 1997 Manichei
1178 1919 1375 1992 docuemnt

393 2043 431 2101 et
456 2031 593 2102 anunm
609 2031 803 2104 Eunomius
820 2045 856 2102 et
872 2029 1081 2103 iconoclasta
1099 2026 1275 2121 Claudius,
1291 2028 1374 2127 Epi·

391 2131 1272 2241 scopusTauriuensis3proeoerquealiosCalvinistre
1281 2140 1375 2238 Mag·

392 2247 628 2349 deburgenscs
644 2268 680 2325 et
691 2253 834 2324 Lutheri
848 2252 1001 2351 gregales
1015 2251 1238 2352 gregalesque
1254 2249 1373 2324 Philo-

390 2358 592 2456 sophantes,
618 2389 705 2460 quos
722 2365 814 2434 inter
830 2363 1084 2452 Middletonus,
1101 2363 1235 2462 anglus,
1252 2387 1373 2435 recen·

377 2469 612 2568 -tissimusque
638 2473 931 2570 Breckenridgius
957 2475 1182 2548 americanus
1200 2473 1293 2564 Quin
1309 2473 1374 2544 im

391 2587 453 2650 mo
477 2580 654 2654 Johannes
680 2581 1002 2682 OEcolampadius,
1029 2585 1226 2656 Lutherum
1259 2579 1372 2655 Calvi·

391 2714 549 2788 numque
575 2705 752 2789 sequutus,
777 2693 1011 2790 egurgitavit,
1041 2692 1135 2791 quod
1160 2705 1278 2764 tantus
1303 2691 1370 2761 iste

392 2800 654 2880 catholicorum
668 2827 749 2901 erga
766 2805 951 2904 Deiparam
969 2805 1094 2898 cultus,
1107 2802 1223 2877 cultus
1239 2802 1283 2873 sit
1298 2799 1371 2874 ido·

391 2910 595 2986 l‘olatrerum
607 2929 643 2987 et
655 2913 839 2988 idolorum.
856 2917 979 3013 Inique
997 2932 1133 2988 tamen:
1151 2914 1218 3014 ipsi
1234 2912 1368 2986 etenim

345 3105 347 3110 ¹
391 3022 645 3124 Collyridianos
670 3051 861 3124 eorumque
887 3025 1092 3125 collyridem
1118 3050 1201 3098 cum
1217 3023 1368 3123 Epipha-

355 3219 358 3225 .
391 3135 452 3206 nio
477 3135 642 3228 ridemus3
668 3135 754 3208 dum
779 3163 897 3236 parvae
922 3137 1093 3237 placentae
1119 3161 1229 3234 genus
1249 3134 1285 3204 in
1309 3132 1370 3205 ho·

353 3329 355 3334 s
390 3267 513 3322 norem
540 3245 704 3342 Virginis,
729 3245 826 3318 velut
854 3247 962 3336 Deae,
987 3246 1076 3318 sesto
1101 3244 1286 3342 quotannis
1311 3241 1370 3313 die

388 3347 425 3418 in
451 3349 666 3422 Sacrificium
687 3350 877 3424 offerebant
894 3355 1202 3453 superstitiosoque
1218 3349 1365 3422 mandu-

389 3452 525 3527 cabant.

399 3587 402 3597 ’
437 3563 509 3636 Nos
532 3566 649 3662 itaque
675 3566 832 3657 Sanctus,
857 3564 953 3664 quod
970 3593 1052 3638 cum
1069 3566 1266 3665 Augustino
1290 3591 1369 3666 pro-

388 3687 558 3752 testamur
582 3699 625 3746 ex
651 3677 674 3747 8
699 3673 759 3745 lib.
786 3672 828 3747 de
855 3677 1003 3750 Civitatc
1029 3677 1093 3748 Dei
1120 3701 1195 3776 cap.
1224 3670 1281 3768 27,
1298 3699 1366 3746 nec
1418 3749 1420 3758 ,

344 3825 346 3830 ·
389 3781 512 3858 divinis
528 3785 717 3859 honoribus
729 3812 796 3859 nec
812 3789 974 3860 humanis
991 3785 1193 3860 criminibus
1210 3785 1367 3876 colimuS,

388 3898 478 3972 sicut
503 3897 623 3986 colunt
647 3889 792 3978 Ethni'ci,
814 3899 907 3974 Deos
933 3926 1023 3994 suos3
1049 3926 1115 3972 nec
1141 3897 1303 3972 sacrificia
1329 3896 1365 3969 il·
