2942 4962
209 473 258 550 ¹'nn
275 501 382 550 cutru
399 499 532 548 cnnrsrr
547 500 589 548 er
606 499 676 564 ss,
692 497 801 559 nstro.
821 496 863 546 er
880 501 931 548 nr.
989 475 1062 556 205

83 605 219 666 creatas
244 591 317 689 ejus
341 586 574 687 perfectiones
598 582 781 658 habitualis
807 587 928 684 gretiae
955 584 1062 667 dono·

85 725 238 799 rumque
264 699 298 769 S.
325 697 496 795 Spiritus:
522 694 623 766 culta
648 693 780 782 dulice,
804 696 1066 792 inquem3n0n

83 813 347 911 cujuscumque,
363 805 465 897 illius,
491 821 600 905 puta,
626 830 704 902 quae
730 805 967 900 communiter
991 803 1064 876 eliis

85 917 251 991 creaturis
279 912 506 1014 impenditur,
524 912 586 984 sed
604 911 784 1011 cujusdam
801 911 1066 1004 excellentioris,

84 1052 199 1124 quam
218 1035 408 1107 νπιρδουλὲιαν,
434 1048 494 1093 seu
529 1025 742 1117 superiorem
776 1025 974 1103 servitutem
1009 1045 1065 1098 vo·

85 1151 179 1208 cant.
203 1136 256 1206 Ita
282 1148 363 1233 post
387 1130 596 1228 Angelicum
623 1129 758 1201 Scholae
792 1129 988 1230 principem
1002 1159 1014 1220 ,·
1044 1129 1066 1200 3

83 1259 186 1344 porte
212 1270 246 1340 q.
274 1244 320 1314 25
347 1269 367 1312 a
394 1243 427 1330 2,
453 1240 633 1311 communi
651 1263 710 1310 ore
729 1263 809 1308 curn
829 1236 957 1308 eximio
974 1237 1067 1309 Tho·

84 1379 155 1424 mae
179 1353 368 1450 interprete
396 1347 521 1420 Carolo
548 1350 681 1420 Renato
707 1347 853 1418 Billuart
880 1372 922 1418 ex
945 1346 1069 1418 Conci-

83 1461 140 1532 tiis
167 1478 204 1532 et
226 1459 386 1533 Patribus
421 1458 632 1530 Scholastici.
648 1458 738 1545 ,Quo
772 1455 851 1528 loeo
881 1455 1069 1556 pulchrum

83 1571 181 1644 istud
206 1587 289 1644 nota
314 1571 519 1642 Damasceni
545 1570 698 1660 Joannis,
724 1567 989 1664 intelligendum
1021 1583 1070 1640 ta·

84 1709 171 1754 men
198 1685 289 1758 varia
310 1684 410 1781 juxta
434 1697 563 1752 asserta
590 1707 610 1749 a
635 1680 734 1752 nobis
761 1683 939 1776 hucusque
965 1681 1070 1751 deno·

86 1810 180 1866 tate:
210 1823 228 1864 >t
249 1819 329 1866 caro
355 1791 499 1892 quidem
525 1793 718 1864 secundum
754 1819 852 1888 suem
886 1807 1044 1862 naturam
1057 1843 1071 1882 ,
1165 1829 1169 1838 ·

90 1932 110 1972 u
139 1902 271 1976 scilieet
296 1919 467 2000 quantum
493 1927 536 1972 ex
561 1928 598 1972 se
625 1917 687 1991 est,
712 1897 933 1986 inadorabilis
960 1911 1072 1991 estut.

89 2043 110 2084 »
139 2030 308 2106 creatura,
325 2015 420 2086 unite
438 2029 555 2084 autem
573 2013 637 2092 Dei
653 2011 770 2085 Verbo
788 2028 931 2111 propter
952 2012 1075 2110 ipsum

90 2152 110 2194 u
140 2139 177 2202 et
201 2125 238 2194 in
261 2126 413 2224 ipsomet
439 2121 623 2194 adoratur:
650 2121 694 2193 ad
720 2147 802 2194 eum
826 2120 971 2198 modum
997 2147 1074 2220 quo-

90 2261 111 2306 »
139 2235 215 2306 Rex
238 2249 275 2306 et
299 2223 414 2324 nudus
431 2232 593 2306 adoratur
610 2250 647 2304 et
662 2231 816 2324 indutus3
834 2257 989 2333 purpura
1015 2255 1070 2302 eu·

91 2373 111 2415 n
139 2361 214 2417 tem
239 2345 462 2419 conculcatur
487 2360 527 2416 ut
552 2342 656 2437 nuda,
681 2342 743 2416 sed
767 2358 808 2431 ,ut
833 2343 981 2436 amiotus
1005 2343 1074 2419 Rea.

92 2482 111 2524 u
128 2441 192 2552 ‚gis
216 2456 411 2527 honoratur
430 2483 461 2525 n.
604 2547 606 2551 ι

100 2623 104 2630 ,
140 2565 214 2636 Cur
239 2590 335 2662 ergo,
353 2565 412 2656 ais,
437 2593 456 2636 a
483 2564 645 2637 Conciliis
670 2562 899 2661 Patribusque
920 2563 1071 2652 vetitum

90 2674 176 2747 dues
200 2674 321 2748 induci
335 2676 578 2766 ,adorationes
603 2675 749 2746 alteram
776 2675 906 2746 Christi
928 2690 967 2744 ut
991 2675 1070 2764 Dei,

90 2803 194 2884 atque
220 2787 444 2858 humanitatis
475 2785 648 2884 alteram?
683 2787 791 2856 Recte
826 2785 1082 2884 sapienterque·

90 2897 128 2970 id
154 2898 297 2990 factum,
321 2913 361 2968 ut
385 2898 579 2970 Nestoriani
606 2895 864 2987 damnarentur,
879 2911 918 2966 et
943 2919 1069 2968 eorum

8 3021 33 3069 ’Ν
91 3010 324 3082 consecterius
349 3034 455 3101 error,
482 3033 551 3106 quo
577 3006 740 3081 videlicet
765 3023 943 3104 separetur
970 3007 1069 3092 Chri·

92 3136 167 3190 stus
193 3118 288 3192 velut
312 3121 419 3192 homo
445 3118 488 3190 ab
514 3122 589 3220 ipso
610 3119 675 3189 Dei
691 3117 1006 3214 Verbo,1tanquam
1023 3113 1072 3188 ala

93 3247 210 3302 terum
240 3230 460 3329 suppositum
496 3229 539 3300 ab
575 3229 705 3320 altero,
731 3229 849 3326 sieque
885 3253 1071 3329 perperam

95 3339 255 3411 Christus
280 3337 456 3412 scindatur
482 3338 568 3411 duos
602 3337 756 3412 velutin
791 3363 967 3437 personas.
992 3339 1072 3410 Una

94 3466 147 3520 est
172 3449 397 3521 humanitatis
423 3450 598 3548 Verbique
625 3448 727 3522 simul
750 3447 903 3521 adoratio
920 3449 1075 3524 latreuth

8 3593 9 3608 ¹
94 3587 156 3633 ca:
184 3559 506 3658 quemadmodum,
533 3587 575 3634 ex
600 3561 829 3651 Damasceno,
854 3560 1073 3656 incurbone

93 3672 204 3769 ignito
229 3669 365 3768 lignum
391 3675 485 3771 tangi
511 3673 644 3768 nequit,
661 3673 744 3768 quin
763 3671 887 3746 eodem
905 3688 984 3758 ectu
1002 3689 1072 3743 ten-

96 3795 197 3875 getur
222 3779 322 3878 ignis,
348 3796 443 3854 totus
465 3807 535 3880 quo
554 3779 659 3856 carbo
677 3779 994 3880 comprehenditur.
1020 3783 1071 3852 Ne

8 3915 9 3920 ¹
95 3913 237 3962 censeas
262 3889 380 3988 igitur,
397 3892 552 3990 mihique
569 3916 782 3983 succenseas,
799 3894 895 3990 quasi
913 3891 1073 3990 probem,
