2908 4962
397 490 447 566 84
662 514 723 562 nn.
749 515 785 563 tv
810 513 979 563 sections
1005 516 1017 562 ι
1042 516 1072 564 c.
1097 517 1122 564 n

669 636 683 662 ι
701 615 756 668 cte
771 615 795 666 al
812 615 889 666 Santo
904 616 1071 676 inaccessibile

668 718 683 748 ι
699 700 801 755 Potesse
819 703 872 751 dir:
889 701 1026 752 Perdom?

441 822 545 898 Proh.
565 825 603 896 2⁰
620 825 814 924 expressius
832 851 877 896 ex
894 827 1123 898 consensione
1139 826 1309 897 Patruna:
1329 838 1382 895 at·

391 963 461 1036 que
487 962 530 1007 ex
554 936 595 1008 iis
622 951 692 1008 tres
718 951 921 1033 quatuorve,
946 936 1044 1009 velut
1069 963 1129 1008 ore
1147 936 1307 1008 omnium
1331 933 1381 1008 lo

391 1063 549 1150 quentes,
573 1046 720 1120 sufficiat
746 1046 941 1120 adduxisse.
967 1048 1001 1120 S.
1027 1047 1180 1146 Cyrillus
1196 1045 1297 1118 Alex.
1315 1044 1378 1118 lib.

392 1159 436 1232 de
461 1157 547 1232 Fide
573 1155 617 1229 ad
642 1158 793 1255 Reginus
810 1159 865 1228 'ita
884 1157 1025 1230 scribit:
1036 1160 1196 1256 pretium
1206 1180 1275 1254 pro
1297 1156 1378 1238 uni·

391 1294 571 1345 versorum
590 1272 747 1365 peccatis
773 1293 999 1366 nequaquam
1015 1283 1070 1342 sut
1094 1262 1378 1365 nwgnumfitis·

391 1395 468 1465 set,
493 1380 525 1450 si
556 1374 716 1450 Cknsms
734 1400 852 1473 purus
881 1375 988 1448 homo
1015 1392 1157 1448 mamm
1190 1375 1379 1446 extitisset.

388 1485 491 1558 Idem
507 1484 613 1557 habet
628 1484 846 1582 Augustinus
863 1510 938 1585 cap.
956 1488 979 1558 8
1005 1482 1210 1555 Enchiridii.
1227 1483 1378 1553 Graeous

391 1596 498 1667 etiam
523 1597 677 1667 Irenoeus
702 1593 780 1676 Lib.
807 1593 905 1668 3-18
922 1596 970 1666 ita
988 1594 1100 1666 fatur:
1118 1595 1149 1664 si
1164 1591 1274 1664 homo
1297 1615 1376 1662 non

390 1705 530 1778 vicisset
553 1706 744 1776 inimicum
768 1702 939 1792 dominis,
964 1729 1037 1776 non
1059 1707 1155 1801 juste
1182 1705 1295 1775 rictus
1321 1727 1374 1774 es·

311 1865 314 1872 ·
388 1831 441 1890 set
464 1817 661 1903 inimicus;
687 1840 809 1888 rursus
834 1831 955 1888 autem
981 1819 1052 1889 nisi
1076 1819 1174 1894 Deus
1205 1815 1373 1910 donasset

387 1927 553 2013 saliatem,
579 1951 653 1998 non
681 1925 837 2016 firmiter
863 1924 1074 2000 haberemus
1098 1950 1198 1999 eam.
1224 1926 1375 2020 Latinus

385 2039 475 2110 item
503 2036 792 2137 Chrysostomus,
816 2037 909 2110 idest
926 2039 960 2110 S.
977 2040 1051 2111 Leo
1069 2041 1229 2136 Magnus,
1245 2036 1283 2108 id
1300 2064 1373 2109 ma·

389 2150 577 2248 gniloquus
602 2151 670 2220 ait:
696 2152 767 2222 nisi
791 2165 879 2224 esset
905 2175 1006 2226 verus
1024 2153 1136 2239 Dent,
1162 2175 1239 2224 non
1267 2150 1373 2250 affer·

387 2275 440 2332 ret
464 2259 674 2346 remedium,
691 2263 760 2332 nisi
777 2278 864 2335 esset
882 2288 984 2336 verus
1006 2261 1129 2352 homo,
1148 2288 1223 2336 non
1237 2261 1372 2360 prebe-

387 2381 440 2439 ret
454 2367 675 2464 exemplant
691 2367 795 2440 Unde
815 2372 966 2468 graviter
982 2372 1188 2471 Fulgentius
1200 2373 1247 2445 ad
1259 2373 1372 2446 Trasi·

368 2472 564 2548 'mundum
588 2474 666 2546 Lib.
686 2502 707 2546 2
727 2477 776 2550 sic
794 2476 847 2550 de·
864 2506 955 2580 puro
980 2483 1122 2554 homine
1147 2481 1298 2580 loquens
1322 2481 1372 2552 in·

388 2599 474 2656 stat:
501 2583 679 2682 quomodo
705 2583 943 2678 beneficentiae
978 2590 1125 2688 largitor
1158 2590 1369 2664 universalis

386 2698 580 2784 existeret,
610 2721 717 2794 quem
747 2699 878 2772 ulience'
906 2704 981 2798 opis
1012 2701 1203 2798 indiguum
1236 2715 1369 2774 natura

388 2809 624 2878 monstraret?
640 2833 721 2904 ergo
740 2833 826 2881 cum
843 2812 965 2885 nullus
982 2827 1047 2884 ete'.

434 2912 538 2985 Proh.
565 2914 604 2985 3⁰
628 2917 775 2990 ratione.
800 2916 858 2990 Ad
882 2920 1076 3019 perfectam
1110 2919 1368 3020 condignamve

385 3019 657 3095 satisfactionem
670 3041 741 3098 tres
754 3028 975 3125 potissimum
993 3028 1211 3102 conditiones
1225 3032 1369 3132 exigun-

383 3147 465 3220 tur3
491 3130 587 3226 quod
612 3134 657 3204 sit
682 3161 726 3205 ex
751 3136 924 3235 propriis,
949 3136 1045 3234 quod
1070 3140 1131 3209 fiat
1156 3165 1200 3212 ex
1225 3141 1367 3214 aliunde

309 3246 315 3252 ’
382 3238 559 3332 indebitis,
572 3243 669 3342 quod
685 3246 730 3316 sit
746 3246 970 3344 aequivalens:
987 3251 1049 3321 has
1065 3267 1184 3322 autem
1210 3252 1284 3326 sola
1301 3255 1367 3326 Dei

382 3352 535 3424 hominis
560 3355 674 3448 habet,
700 3357 801 3426 utin
826 3373 1008 3455 posterum
1034 3359 1267 3457 disseremus3
1293 3392 1367 3438 non

383 3460 488 3534 habet
514 3491 595 3538 vero
620 3493 719 3564 purae
745 3483 911 3541 creaturan
937 3471 1133 3547 satisfactio·
1148 3533 1152 3543 ⁴
1168 3475 1260 3548 Nam
1294 3503 1368 3550 non

381 3571 458 3646 haec
483 3598 557 3644 esse
582 3589 700 3672 potest
725 3599 776 3646 eac
793 3580 959 3673 propriis,
989 3583 1069 3678 quia
1103 3586 1237 3682 nequit,
1264 3589 1367 3687 juxta

383 3680 445 3749 1⁸¹²
470 3679 716 3779 probationem
741 3685 845 3782 Prop.
871 3711 915 3758 ex
940 3687 1124 3786 Apostolo‚
1149 3695 1243 3768 nuda
1271 3724 1366 3771 crea-

382 3799 459 3855 tura
484 3788 568 3858 satis
592 3788 669 3860 Deo
687 3787 798 3861 facere
815 3793 880 3863 nisi
897 3821 941 3866 ex
957 3795 1069 3890 bonis,
1086 3828 1164 3898 quae
1190 3821 1274 3878 sunt
1287 3791 1289 3794 V
1300 3808 1367 3880 snb

382 3891 539 3968 dominio
564 3897 652 3988 Dei3
683 3925 796 3996 neque
821 3928 872 3974 ex
896 3905 985 3978 relies
1011 3909 1170 3984 indebitis
1204 3915 1241 3986 id
1275 3946 1365 4020 prae·
