<?xml version="1.0" encoding="UTF-8"?>
<!DOCTYPE html PUBLIC "-//W3C//DTD XHTML 1.0 Transitional//EN"
    "http://www.w3.org/TR/xhtml1/DTD/xhtml1-transitional.dtd">
<html xmlns="http://www.w3.org/1999/xhtml" xml:lang="en" lang="en">
 <head>
  <title>
</title>
<meta http-equiv="Content-Type" content="text/html;charset=utf-8" />
  <meta name='ocr-system' content='tesseract 3.04.00' />
  <meta name='ocr-capabilities' content='ocr_page ocr_carea ocr_par ocr_line ocrx_word'/>
</head>
<body>
  <div class='ocr_page' id='page_1' title='image "./sacrtheologiins00gutigoog_0224.png"; bbox 0 0 2942 4962; ppageno 0'>
   <div class='ocr_carea' id='block_1_1' title="bbox 64 476 1191 4018">
    <p class='ocr_par' dir='ltr' id='par_1_1' title="bbox 64 476 1191 4018">
     <span class='ocr_line' id='line_1_1' title="bbox 241 476 1091 573; baseline -0.015 -12"><span class='ocrx_word' id='word_1_1' title='bbox 241 507 284 562; x_wconf 77' lang='lat' dir='ltr'>aa</span> <span class='ocrx_word' id='word_1_2' title='bbox 301 507 407 554; x_wconf 81' lang='lat' dir='ltr'>eunru</span> <span class='ocrx_word' id='word_1_3' title='bbox 426 505 556 554; x_wconf 82' lang='lat' dir='ltr'>ennrsrr</span> <span class='ocrx_word' id='word_1_4' title='bbox 573 506 616 554; x_wconf 83' lang='lat' dir='ltr'>nr</span> <span class='ocrx_word' id='word_1_5' title='bbox 634 505 700 573; x_wconf 77' lang='lat' dir='ltr'>ss,</span> <span class='ocrx_word' id='word_1_6' title='bbox 716 503 826 563; x_wconf 76' lang='lat' dir='ltr'>norro.</span> <span class='ocrx_word' id='word_1_7' title='bbox 843 503 886 550; x_wconf 85' lang='lat' dir='ltr'>nr</span> <span class='ocrx_word' id='word_1_8' title='bbox 903 501 951 550; x_wconf 88' lang='lat' dir='ltr'>nu.</span> <span class='ocrx_word' id='word_1_9' title='bbox 1017 476 1091 550; x_wconf 69' lang='lat' dir='ltr'>aar</span> 
     </span>
     <span class='ocr_line' id='line_1_2' title="bbox 160 585 1093 688; baseline -0.006 -24"><span class='ocrx_word' id='word_1_10' title='bbox 160 593 193 688; x_wconf 65' lang='lat' dir='ltr'>S.</span> <span class='ocrx_word' id='word_1_11' title='bbox 221 592 280 664; x_wconf 70' lang='lat' dir='ltr'>tl.</span> <span class='ocrx_word' id='word_1_12' title='bbox 310 589 507 663; x_wconf 86' lang='lat' dir='ltr'>Relativum</span> <span class='ocrx_word' id='word_1_13' title='bbox 542 590 649 688; x_wconf 86' lang='lat' dir='ltr'>igitur</span> <span class='ocrx_word' id='word_1_14' title='bbox 668 586 923 688; x_wconf 79' lang='lat' dir='ltr'>‚hujuscemodi</span> <span class='ocrx_word' id='word_1_15' title='bbox 957 585 1093 676; x_wconf 87' lang='lat' dir='ltr'>cultum</span> 
     </span>
     <span class='ocr_line' id='line_1_3' title="bbox 108 697 1182 806; baseline -0.007 -30"><span class='ocrx_word' id='word_1_16' title='bbox 108 703 358 806; x_wconf 78' lang='lat' dir='ltr'>&#39;impendamus</span> <span class='ocrx_word' id='word_1_17' title='bbox 374 703 556 774; x_wconf 83' lang='lat' dir='ltr'>Trinitatis</span> <span class='ocrx_word' id='word_1_18' title='bbox 574 703 772 799; x_wconf 74' lang='lat' dir='ltr'>Christique</span> <span class='ocrx_word' id='word_1_19' title='bbox 789 697 1011 799; x_wconf 85' lang='lat' dir='ltr'>imaginibus,</span> <span class='ocrx_word' id='word_1_20' title='bbox 1028 697 1093 790; x_wconf 75' lang='lat' dir='ltr'>sed</span> <span class='ocrx_word' id='word_1_21' title='bbox 1181 725 1182 728; x_wconf 44' lang='lat'>¹</span> 
     </span>
     <span class='ocr_line' id='line_1_4' title="bbox 113 809 1093 913; baseline -0.006 -27"><span class='ocrx_word' id='word_1_22' title='bbox 113 813 226 886; x_wconf 76' lang='lat' dir='ltr'>latrice</span> <span class='ocrx_word' id='word_1_23' title='bbox 244 831 361 886; x_wconf 87' lang='lat' dir='ltr'>tamen</span> <span class='ocrx_word' id='word_1_24' title='bbox 379 830 439 885; x_wconf 89' lang='lat' dir='ltr'>aut</span> <span class='ocrx_word' id='word_1_25' title='bbox 457 839 646 886; x_wconf 89' lang='lat' dir='ltr'>summum.</span> <span class='ocrx_word' id='word_1_26' title='bbox 663 813 877 913; x_wconf 83' lang='lat' dir='ltr'>Imaginibus</span> <span class='ocrx_word' id='word_1_27' title='bbox 893 835 978 884; x_wconf 88' lang='lat' dir='ltr'>vero</span> <span class='ocrx_word' id='word_1_28' title='bbox 996 809 1093 882; x_wconf 89' lang='lat' dir='ltr'>Chri·</span> 
     </span>
     <span class='ocr_line' id='line_1_5' title="bbox 113 919 1092 1023; baseline -0.005 -29"><span class='ocrx_word' id='word_1_29' title='bbox 113 924 157 994; x_wconf 90' lang='lat' dir='ltr'>sti</span> <span class='ocrx_word' id='word_1_30' title='bbox 170 925 302 1016; x_wconf 88' lang='lat' dir='ltr'>Matris,</span> <span class='ocrx_word' id='word_1_31' title='bbox 320 921 552 1023; x_wconf 62' lang='lat' dir='ltr'>lipperdulicm</span> <span class='ocrx_word' id='word_1_32' title='bbox 571 939 607 996; x_wconf 89' lang='lat' dir='ltr'>at</span> <span class='ocrx_word' id='word_1_33' title='bbox 631 923 737 996; x_wconf 80' lang='lat' dir='ltr'>dzrliae</span> <span class='ocrx_word' id='word_1_34' title='bbox 763 921 930 1022; x_wconf 82' lang='lat' dir='ltr'>simplicis</span> <span class='ocrx_word' id='word_1_35' title='bbox 955 919 1092 992; x_wconf 89' lang='lat' dir='ltr'>cultum</span> 
     </span>
     <span class='ocr_line' id='line_1_6' title="bbox 112 1027 1170 1132; baseline -0.007 -28"><span class='ocrx_word' id='word_1_36' title='bbox 112 1032 321 1132; x_wconf 88' lang='lat' dir='ltr'>imaginibus</span> <span class='ocrx_word' id='word_1_37' title='bbox 330 1032 545 1132; x_wconf 85' lang='lat' dir='ltr'>Angelorum</span> <span class='ocrx_word' id='word_1_38' title='bbox 558 1033 812 1130; x_wconf 87' lang='lat' dir='ltr'>beatorumque</span> <span class='ocrx_word' id='word_1_39' title='bbox 825 1032 862 1104; x_wconf 91' lang='lat' dir='ltr'>in</span> <span class='ocrx_word' id='word_1_40' title='bbox 874 1029 972 1104; x_wconf 87' lang='lat' dir='ltr'>coelis</span> <span class='ocrx_word' id='word_1_41' title='bbox 983 1027 1091 1100; x_wconf 91' lang='lat' dir='ltr'>homi·</span> <span class='ocrx_word' id='word_1_42' title='bbox 1168 1047 1170 1052; x_wconf 84' lang='lat'>·</span> 
     </span>
     <span class='ocr_line' id='line_1_7' title="bbox 110 1139 1090 1242; baseline -0.004 -30"><span class='ocrx_word' id='word_1_43' title='bbox 110 1167 199 1213; x_wconf 91' lang='lat' dir='ltr'>num</span> <span class='ocrx_word' id='word_1_44' title='bbox 212 1143 460 1217; x_wconf 87' lang='lat' dir='ltr'>convenienter</span> <span class='ocrx_word' id='word_1_45' title='bbox 472 1169 669 1242; x_wconf 83' lang='lat' dir='ltr'>erogemus.</span> <span class='ocrx_word' id='word_1_46' title='bbox 680 1143 800 1240; x_wconf 85' lang='lat' dir='ltr'>Neque</span> <span class='ocrx_word' id='word_1_47' title='bbox 813 1142 964 1214; x_wconf 85' lang='lat' dir='ltr'>hosticus</span> <span class='ocrx_word' id='word_1_48' title='bbox 977 1139 1090 1210; x_wconf 82' lang='lat' dir='ltr'>Haere-</span> 
     </span>
     <span class='ocr_line' id='line_1_8' title="bbox 110 1251 1090 1352; baseline -0.005 -28"><span class='ocrx_word' id='word_1_49' title='bbox 110 1255 263 1328; x_wconf 88' lang='lat' dir='ltr'>ticorum</span> <span class='ocrx_word' id='word_1_50' title='bbox 275 1273 434 1328; x_wconf 88' lang='lat' dir='ltr'>veterum</span> <span class='ocrx_word' id='word_1_51' title='bbox 447 1253 767 1352; x_wconf 89' lang='lat' dir='ltr'>modernorumque</span> <span class='ocrx_word' id='word_1_52' title='bbox 776 1251 1090 1326; x_wconf 86' lang='lat' dir='ltr'>Iconomaohorum</span> 
     </span>
     <span class='ocr_line' id='line_1_9' title="bbox 110 1359 1088 1465; baseline -0.006 -31"><span class='ocrx_word' id='word_1_53' title='bbox 110 1389 222 1458; x_wconf 86' lang='lat' dir='ltr'>enses,</span> <span class='ocrx_word' id='word_1_54' title='bbox 246 1364 389 1439; x_wconf 90' lang='lat' dir='ltr'>obtusos</span> <span class='ocrx_word' id='word_1_55' title='bbox 409 1365 623 1465; x_wconf 87' lang='lat' dir='ltr'>jampridem</span> <span class='ocrx_word' id='word_1_56' title='bbox 648 1380 753 1462; x_wconf 91' lang='lat' dir='ltr'>atque</span> <span class='ocrx_word' id='word_1_57' title='bbox 780 1360 990 1448; x_wconf 80' lang='lat' dir='ltr'>confractos,</span> <span class='ocrx_word' id='word_1_58' title='bbox 1016 1359 1088 1430; x_wconf 91' lang='lat' dir='ltr'>diu·</span> 
     </span>
     <span class='ocr_line' id='line_1_10' title="bbox 111 1471 1089 1578; baseline 0.005 -32"><span class='ocrx_word' id='word_1_59' title='bbox 111 1477 185 1546; x_wconf 89' lang='lat' dir='ltr'>tine</span> <span class='ocrx_word' id='word_1_60' title='bbox 211 1502 341 1568; x_wconf 81' lang='lat' dir='ltr'>moror3</span> <span class='ocrx_word' id='word_1_61' title='bbox 360 1478 490 1578; x_wconf 90' lang='lat' dir='ltr'>quippe</span> <span class='ocrx_word' id='word_1_62' title='bbox 517 1503 562 1549; x_wconf 83' lang='lat' dir='ltr'>ex</span> <span class='ocrx_word' id='word_1_63' title='bbox 587 1475 690 1550; x_wconf 88' lang='lat' dir='ltr'>dietis</span> <span class='ocrx_word' id='word_1_64' title='bbox 714 1474 930 1572; x_wconf 80' lang='lat' dir='ltr'>traditisque,</span> <span class='ocrx_word' id='word_1_65' title='bbox 951 1471 1089 1570; x_wconf 86' lang='lat' dir='ltr'>quoties</span> 
     </span>
     <span class='ocr_line' id='line_1_11' title="bbox 110 1583 1093 1679; baseline -0.005 -24"><span class='ocrx_word' id='word_1_66' title='bbox 110 1586 134 1655; x_wconf 93' lang='lat' dir='ltr'>ii</span> <span class='ocrx_word' id='word_1_67' title='bbox 159 1585 370 1658; x_wconf 89' lang='lat' dir='ltr'>recudantur</span> <span class='ocrx_word' id='word_1_68' title='bbox 382 1643 393 1679; x_wconf 97' lang='lat'>,</span> <span class='ocrx_word' id='word_1_69' title='bbox 418 1613 490 1659; x_wconf 92' lang='lat' dir='ltr'>non</span> <span class='ocrx_word' id='word_1_70' title='bbox 516 1585 621 1658; x_wconf 89' lang='lat' dir='ltr'>dubia</span> <span class='ocrx_word' id='word_1_71' title='bbox 646 1587 748 1658; x_wconf 91' lang='lat' dir='ltr'>toties</span> <span class='ocrx_word' id='word_1_72' title='bbox 778 1583 916 1655; x_wconf 85' lang='lat' dir='ltr'>fortuna</span> <span class='ocrx_word' id='word_1_73' title='bbox 943 1596 1093 1664; x_wconf 61' lang='lat' dir='ltr'>atteren7</span> 
     </span>
     <span class='ocr_line' id='line_1_12' title="bbox 110 1686 1191 1796; baseline -0.004 -32"><span class='ocrx_word' id='word_1_74' title='bbox 110 1692 186 1765; x_wconf 89' lang='lat' dir='ltr'>dos.</span> <span class='ocrx_word' id='word_1_75' title='bbox 210 1695 264 1766; x_wconf 88' lang='lat' dir='ltr'>Ita</span> <span class='ocrx_word' id='word_1_76' title='bbox 280 1695 533 1768; x_wconf 80' lang='lat' dir='ltr'>illiberitanum</span> <span class='ocrx_word' id='word_1_77' title='bbox 560 1697 736 1796; x_wconf 87' lang='lat' dir='ltr'>Hispaniae</span> <span class='ocrx_word' id='word_1_78' title='bbox 763 1692 966 1784; x_wconf 86' lang='lat' dir='ltr'>concilium,</span> <span class='ocrx_word' id='word_1_79' title='bbox 992 1686 1087 1786; x_wconf 89' lang='lat' dir='ltr'>quod</span> <span class='ocrx_word' id='word_1_80' title='bbox 1188 1715 1191 1720; x_wconf 89' lang='lat'>·</span> 
     </span>
     <span class='ocr_line' id='line_1_13' title="bbox 108 1803 1087 1902; baseline -0.007 -25"><span class='ocrx_word' id='word_1_81' title='bbox 108 1805 263 1878; x_wconf 89' lang='lat' dir='ltr'>Berardo</span> <span class='ocrx_word' id='word_1_82' title='bbox 288 1807 325 1878; x_wconf 89' lang='lat' dir='ltr'>in</span> <span class='ocrx_word' id='word_1_83' title='bbox 351 1808 508 1879; x_wconf 89' lang='lat' dir='ltr'>Gratiani</span> <span class='ocrx_word' id='word_1_84' title='bbox 536 1833 686 1881; x_wconf 86' lang='lat' dir='ltr'>canones</span> <span class='ocrx_word' id='word_1_85' title='bbox 702 1803 795 1877; x_wconf 91' lang='lat' dir='ltr'>haud</span> <span class='ocrx_word' id='word_1_86' title='bbox 812 1803 1003 1902; x_wconf 89' lang='lat' dir='ltr'>genuinum</span> <span class='ocrx_word' id='word_1_87' title='bbox 1029 1826 1087 1898; x_wconf 91' lang='lat' dir='ltr'>ap·</span> 
     </span>
     <span class='ocr_line' id='line_1_14' title="bbox 108 1909 1087 2020; baseline -0.006 -32"><span class='ocrx_word' id='word_1_88' title='bbox 108 1933 220 2018; x_wconf 88' lang='lat' dir='ltr'>paret,</span> <span class='ocrx_word' id='word_1_89' title='bbox 246 1943 321 2014; x_wconf 88' lang='lat' dir='ltr'>can.</span> <span class='ocrx_word' id='word_1_90' title='bbox 348 1918 494 2018; x_wconf 61' lang='lat'>3611011</span> <span class='ocrx_word' id='word_1_91' title='bbox 519 1919 654 1992; x_wconf 86' lang='lat' dir='ltr'>cultum</span> <span class='ocrx_word' id='word_1_92' title='bbox 683 1919 923 2020; x_wconf 84' lang='lat' dir='ltr'>picturarum,</span> <span class='ocrx_word' id='word_1_93' title='bbox 948 1909 1009 1984; x_wconf 87' lang='lat' dir='ltr'>sed</span> <span class='ocrx_word' id='word_1_94' title='bbox 1035 1910 1087 2010; x_wconf 83' lang='lat' dir='ltr'>pi·</span> 
     </span>
     <span class='ocr_line' id='line_1_15' title="bbox 109 2027 1084 2132; baseline -0.007 -32"><span class='ocrx_word' id='word_1_95' title='bbox 109 2043 225 2100; x_wconf 90' lang='lat' dir='ltr'>cturas</span> <span class='ocrx_word' id='word_1_96' title='bbox 262 2032 387 2128; x_wconf 87' lang='lat' dir='ltr'>parieti</span> <span class='ocrx_word' id='word_1_97' title='bbox 416 2032 617 2132; x_wconf 84' lang='lat' dir='ltr'>impressas,</span> <span class='ocrx_word' id='word_1_98' title='bbox 634 2033 670 2101; x_wconf 89' lang='lat' dir='ltr'>in</span> <span class='ocrx_word' id='word_1_99' title='bbox 704 2027 870 2101; x_wconf 85' lang='lat' dir='ltr'>Ecclesiis</span> <span class='ocrx_word' id='word_1_100' title='bbox 904 2049 976 2098; x_wconf 90' lang='lat' dir='ltr'>non</span> <span class='ocrx_word' id='word_1_101' title='bbox 1010 2047 1084 2108; x_wconf 83' lang='lat' dir='ltr'>esse</span> 
     </span>
     <span class='ocr_line' id='line_1_16' title="bbox 104 2132 1085 2242; baseline -0.006 -35"><span class='ocrx_word' id='word_1_102' title='bbox 104 2139 218 2236; x_wconf 85' lang='lat' dir='ltr'>jussit,</span> <span class='ocrx_word' id='word_1_103' title='bbox 238 2140 306 2210; x_wconf 88' lang='lat' dir='ltr'>hoc</span> <span class='ocrx_word' id='word_1_104' title='bbox 331 2166 396 2238; x_wconf 86' lang='lat' dir='ltr'>pro</span> <span class='ocrx_word' id='word_1_105' title='bbox 424 2157 626 2242; x_wconf 89' lang='lat' dir='ltr'>temporum</span> <span class='ocrx_word' id='word_1_106' title='bbox 650 2140 784 2212; x_wconf 87' lang='lat' dir='ltr'>ratione</span> <span class='ocrx_word' id='word_1_107' title='bbox 809 2134 963 2210; x_wconf 89' lang='lat' dir='ltr'>adhibito</span> <span class='ocrx_word' id='word_1_108' title='bbox 976 2132 1085 2218; x_wconf 60' lang='lat' dir='ltr'>disci?</span> 
     </span>
     <span class='ocr_line' id='line_1_17' title="bbox 108 2243 1084 2350; baseline -0.008 -30"><span class='ocrx_word' id='word_1_109' title='bbox 108 2249 215 2349; x_wconf 81' lang='lat' dir='ltr'>plinae</span> <span class='ocrx_word' id='word_1_110' title='bbox 242 2265 545 2350; x_wconf 72' lang='lat' dir='ltr'>temperamento,</span> <span class='ocrx_word' id='word_1_111' title='bbox 571 2280 616 2326; x_wconf 90' lang='lat' dir='ltr'>ne</span> <span class='ocrx_word' id='word_1_112' title='bbox 642 2269 720 2325; x_wconf 92' lang='lat' dir='ltr'>tum</span> <span class='ocrx_word' id='word_1_113' title='bbox 746 2249 877 2323; x_wconf 85' lang='lat' dir='ltr'>scilicet</span> <span class='ocrx_word' id='word_1_114' title='bbox 895 2243 1084 2343; x_wconf 80' lang='lat' dir='ltr'>ingruente</span> 
     </span>
     <span class='ocr_line' id='line_1_18' title="bbox 108 2351 1084 2464; baseline -0.008 -34"><span class='ocrx_word' id='word_1_115' title='bbox 108 2359 247 2432; x_wconf 89' lang='lat' dir='ltr'>turbine</span> <span class='ocrx_word' id='word_1_116' title='bbox 273 2365 526 2460; x_wconf 86' lang='lat' dir='ltr'>persecutionis</span> <span class='ocrx_word' id='word_1_117' title='bbox 543 2365 810 2464; x_wconf 84' lang='lat' dir='ltr'>profanarentur</span> <span class='ocrx_word' id='word_1_118' title='bbox 827 2359 869 2432; x_wconf 93' lang='lat' dir='ltr'>ab</span> <span class='ocrx_word' id='word_1_119' title='bbox 886 2351 1084 2428; x_wconf 89' lang='lat' dir='ltr'>irrisoribus</span> 
     </span>
     <span class='ocr_line' id='line_1_19' title="bbox 109 2461 1085 2571; baseline -0.008 -33"><span class='ocrx_word' id='word_1_120' title='bbox 109 2467 271 2540; x_wconf 82' lang='lat' dir='ltr'>Sectariis</span> <span class='ocrx_word' id='word_1_121' title='bbox 295 2467 557 2570; x_wconf 81' lang='lat' dir='ltr'>furentibusque</span> <span class='ocrx_word' id='word_1_122' title='bbox 582 2474 742 2571; x_wconf 85' lang='lat' dir='ltr'>Paganis,</span> <span class='ocrx_word' id='word_1_123' title='bbox 767 2495 854 2543; x_wconf 90' lang='lat' dir='ltr'>neve</span> <span class='ocrx_word' id='word_1_124' title='bbox 878 2461 1085 2566; x_wconf 85' lang='lat' dir='ltr'>periclitare-</span> 
     </span>
     <span class='ocr_line' id='line_1_20' title="bbox 107 2565 1084 2680; baseline -0.006 -34"><span class='ocrx_word' id='word_1_125' title='bbox 107 2591 167 2646; x_wconf 87' lang='lat' dir='ltr'>tur</span> <span class='ocrx_word' id='word_1_126' title='bbox 192 2592 310 2650; x_wconf 88' lang='lat' dir='ltr'>tenera</span> <span class='ocrx_word' id='word_1_127' title='bbox 336 2578 456 2677; x_wconf 89' lang='lat' dir='ltr'>religio</span> <span class='ocrx_word' id='word_1_128' title='bbox 482 2583 762 2680; x_wconf 87' lang='lat' dir='ltr'>neophytorum,</span> <span class='ocrx_word' id='word_1_129' title='bbox 788 2577 849 2676; x_wconf 89' lang='lat' dir='ltr'>qui</span> <span class='ocrx_word' id='word_1_130' title='bbox 874 2565 973 2646; x_wconf 85' lang='lat' dir='ltr'>laoile</span> <span class='ocrx_word' id='word_1_131' title='bbox 998 2584 1084 2640; x_wconf 86' lang='lat' dir='ltr'>tunc</span> 
     </span>
     <span class='ocr_line' id='line_1_21' title="bbox 106 2678 1083 2788; baseline -0.008 -32"><span class='ocrx_word' id='word_1_132' title='bbox 106 2682 245 2757; x_wconf 88' lang='lat' dir='ltr'>dierum</span> <span class='ocrx_word' id='word_1_133' title='bbox 262 2705 435 2786; x_wconf 76' lang='lat' dir='ltr'>praetentu</span> <span class='ocrx_word' id='word_1_134' title='bbox 453 2691 645 2788; x_wconf 81' lang='lat' dir='ltr'>imaginum</span> <span class='ocrx_word' id='word_1_135' title='bbox 664 2689 707 2760; x_wconf 92' lang='lat' dir='ltr'>ad</span> <span class='ocrx_word' id='word_1_136' title='bbox 724 2685 953 2759; x_wconf 84' lang='lat' dir='ltr'>idololatriam</span> <span class='ocrx_word' id='word_1_137' title='bbox 969 2678 1083 2752; x_wconf 89' lang='lat' dir='ltr'>redire</span> 
     </span>
     <span class='ocr_line' id='line_1_22' title="bbox 104 2798 1081 2902; baseline -0.004 -30"><span class='ocrx_word' id='word_1_138' title='bbox 104 2803 312 2899; x_wconf 87' lang='lat' dir='ltr'>potuissent.</span> <span class='ocrx_word' id='word_1_139' title='bbox 339 2805 491 2876; x_wconf 88' lang='lat' dir='ltr'>Consule</span> <span class='ocrx_word' id='word_1_140' title='bbox 518 2805 621 2878; x_wconf 88' lang='lat' dir='ltr'>Card.</span> <span class='ocrx_word' id='word_1_141' title='bbox 648 2805 692 2877; x_wconf 90' lang='lat' dir='ltr'>de</span> <span class='ocrx_word' id='word_1_142' title='bbox 714 2805 864 2902; x_wconf 89' lang='lat' dir='ltr'>Aguirre</span> <span class='ocrx_word' id='word_1_143' title='bbox 881 2801 920 2870; x_wconf 90' lang='lat' dir='ltr'>in</span> <span class='ocrx_word' id='word_1_144' title='bbox 937 2798 1081 2871; x_wconf 84' lang='lat' dir='ltr'>Culleet.</span> 
     </span>
     <span class='ocr_line' id='line_1_23' title="bbox 105 2900 1163 3020; baseline -0.003 -36"><span class='ocrx_word' id='word_1_145' title='bbox 105 2911 343 2987; x_wconf 74' lang='lat' dir='ltr'>Consiliorum</span> <span class='ocrx_word' id='word_1_146' title='bbox 379 2919 539 2990; x_wconf 88' lang='lat' dir='ltr'>omnium</span> <span class='ocrx_word' id='word_1_147' title='bbox 568 2919 753 3020; x_wconf 90' lang='lat' dir='ltr'>Hispaniae.</span> <span class='ocrx_word' id='word_1_148' title='bbox 770 2916 826 2987; x_wconf 86' lang='lat' dir='ltr'>Sic</span> <span class='ocrx_word' id='word_1_149' title='bbox 851 2911 930 2984; x_wconf 90' lang='lat' dir='ltr'>libri</span> <span class='ocrx_word' id='word_1_150' title='bbox 956 2900 1082 2983; x_wconf 88' lang='lat' dir='ltr'>Caroli·</span> <span class='ocrx_word' id='word_1_151' title='bbox 1161 2901 1163 2905; x_wconf 10' lang='grc' dir='ltr'><em>Α</em></span> 
     </span>
     <span class='ocr_line' id='line_1_24' title="bbox 103 3019 1081 3126; baseline -0.001 -33"><span class='ocrx_word' id='word_1_152' title='bbox 103 3023 141 3093; x_wconf 88' lang='lat' dir='ltr'>ni</span> <span class='ocrx_word' id='word_1_153' title='bbox 157 3027 458 3124; x_wconf 87' lang='lat' dir='ltr'>-superstitiosum</span> <span class='ocrx_word' id='word_1_154' title='bbox 484 3027 689 3118; x_wconf 86' lang='lat' dir='ltr'>dumtaxat,</span> <span class='ocrx_word' id='word_1_155' title='bbox 714 3050 823 3126; x_wconf 88' lang='lat' dir='ltr'>quem</span> <span class='ocrx_word' id='word_1_156' title='bbox 848 3047 964 3095; x_wconf 89' lang='lat' dir='ltr'>errore</span> <span class='ocrx_word' id='word_1_157' title='bbox 998 3019 1081 3092; x_wconf 87' lang='lat' dir='ltr'>facti</span> 
     </span>
     <span class='ocr_line' id='line_1_25' title="bbox 102 3131 1079 3239; baseline -0.005 -32"><span class='ocrx_word' id='word_1_158' title='bbox 102 3135 238 3208; x_wconf 77' lang='lat' dir='ltr'>Graecis</span> <span class='ocrx_word' id='word_1_159' title='bbox 254 3131 475 3236; x_wconf 80' lang='lat' dir='ltr'>assurgebant,</span> <span class='ocrx_word' id='word_1_160' title='bbox 491 3139 626 3212; x_wconf 89' lang='lat' dir='ltr'>cultum</span> <span class='ocrx_word' id='word_1_161' title='bbox 644 3139 828 3239; x_wconf 87' lang='lat' dir='ltr'>objurgant</span> <span class='ocrx_word' id='word_1_162' title='bbox 845 3161 885 3208; x_wconf 86' lang='lat' dir='ltr'>ae</span> <span class='ocrx_word' id='word_1_163' title='bbox 902 3134 1079 3205; x_wconf 88' lang='lat' dir='ltr'>damnant</span> 
     </span>
     <span class='ocr_line' id='line_1_26' title="bbox 101 3242 1079 3351; baseline -0.005 -32"><span class='ocrx_word' id='word_1_164' title='bbox 101 3247 155 3319; x_wconf 89' lang='lat' dir='ltr'>Ita</span> <span class='ocrx_word' id='word_1_165' title='bbox 172 3251 527 3351; x_wconf 85' lang='lat' dir='ltr'>transfiguntpariter</span> <span class='ocrx_word' id='word_1_166' title='bbox 545 3253 778 3351; x_wconf 87' lang='lat' dir='ltr'>Hieronymus</span> <span class='ocrx_word' id='word_1_167' title='bbox 795 3247 920 3346; x_wconf 90' lang='lat' dir='ltr'>aliique</span> <span class='ocrx_word' id='word_1_168' title='bbox 937 3244 1003 3316; x_wconf 89' lang='grc' dir='ltr'>ΡΡ.</span> <span class='ocrx_word' id='word_1_169' title='bbox 1024 3242 1079 3314; x_wconf 90' lang='lat' dir='ltr'>ab·</span> 
     </span>
     <span class='ocr_line' id='line_1_27' title="bbox 102 3355 1079 3462; baseline -0.002 -32"><span class='ocrx_word' id='word_1_170' title='bbox 102 3382 231 3430; x_wconf 89' lang='lat' dir='ltr'>sonum</span> <span class='ocrx_word' id='word_1_171' title='bbox 244 3355 464 3433; x_wconf 87' lang='lat' dir='ltr'>solummodo</span> <span class='ocrx_word' id='word_1_172' title='bbox 487 3363 836 3462; x_wconf 89' lang='lat' dir='ltr'>superstitiosumque</span> <span class='ocrx_word' id='word_1_173' title='bbox 853 3356 999 3430; x_wconf 88' lang='lat' dir='ltr'>cultum.</span> <span class='ocrx_word' id='word_1_174' title='bbox 1015 3355 1079 3428; x_wconf 88' lang='lat' dir='ltr'>De·</span> 
     </span>
     <span class='ocr_line' id='line_1_28' title="bbox 64 3467 1079 3574; baseline -0.002 -32"><span class='ocrx_word' id='word_1_175' title='bbox 64 3469 66 3476; x_wconf 75' lang='grc'><strong>’</strong></span> <span class='ocrx_word' id='word_1_176' title='bbox 100 3469 220 3566; x_wconf 85' lang='lat' dir='ltr'>nique,</span> <span class='ocrx_word' id='word_1_177' title='bbox 245 3467 334 3541; x_wconf 86' lang='lat' dir='ltr'>libri·</span> <span class='ocrx_word' id='word_1_178' title='bbox 352 3471 388 3544; x_wconf 91' lang='lat' dir='ltr'>S.</span> <span class='ocrx_word' id='word_1_179' title='bbox 415 3471 628 3570; x_wconf 75' lang='lat' dir='ltr'>Epiphanii,</span> <span class='ocrx_word' id='word_1_180' title='bbox 645 3471 858 3574; x_wconf 90' lang='lat' dir='ltr'>respondent</span> <span class='ocrx_word' id='word_1_181' title='bbox 873 3469 1004 3543; x_wconf 84' lang='lat' dir='ltr'>Nieaeni</span> <span class='ocrx_word' id='word_1_182' title='bbox 1020 3469 1079 3540; x_wconf 92' lang='lat' dir='ltr'>Pa·</span> 
     </span>
     <span class='ocr_line' id='line_1_29' title="bbox 101 3577 1077 3680; baseline 0.001 -33"><span class='ocrx_word' id='word_1_183' title='bbox 101 3593 186 3668; x_wconf 78' lang='lat' dir='ltr'>treS,</span> <span class='ocrx_word' id='word_1_184' title='bbox 212 3580 387 3652; x_wconf 80' lang='lat' dir='ltr'>notissimi</span> <span class='ocrx_word' id='word_1_185' title='bbox 410 3597 517 3653; x_wconf 83' lang='lat' dir='ltr'>sunt:</span> <span class='ocrx_word' id='word_1_186' title='bbox 543 3608 622 3680; x_wconf 69' lang='lat' dir='ltr'>quae</span> <span class='ocrx_word' id='word_1_187' title='bbox 643 3596 762 3654; x_wconf 83' lang='lat' dir='ltr'>autem</span> <span class='ocrx_word' id='word_1_188' title='bbox 778 3579 1009 3677; x_wconf 76' lang='lat' dir='ltr'>olrJ&#39;ieircntur,</span> <span class='ocrx_word' id='word_1_189' title='bbox 1026 3577 1077 3648; x_wconf 90' lang='lat' dir='ltr'>uti</span> 
     </span>
     <span class='ocr_line' id='line_1_30' title="bbox 100 3686 1172 3793; baseline 0 -35"><span class='ocrx_word' id='word_1_190' title='bbox 100 3686 147 3758; x_wconf 87' lang='lat' dir='ltr'>ad</span> <span class='ocrx_word' id='word_1_191' title='bbox 173 3689 411 3763; x_wconf 83' lang='lat' dir='ltr'>Theodosium</span> <span class='ocrx_word' id='word_1_192' title='bbox 436 3693 527 3793; x_wconf 90' lang='lat' dir='ltr'>Imp.</span> <span class='ocrx_word' id='word_1_193' title='bbox 552 3691 674 3784; x_wconf 85' lang='lat' dir='ltr'>literae,</span> <span class='ocrx_word' id='word_1_194' title='bbox 692 3694 836 3789; x_wconf 81' lang='lat' dir='ltr'>penitus</span> <span class='ocrx_word' id='word_1_195' title='bbox 863 3693 991 3787; x_wconf 84' lang='lat' dir='ltr'>ignoto.</span> <span class='ocrx_word' id='word_1_196' title='bbox 1110 3717 1112 3722; x_wconf 95' lang='lat'>·</span> <span class='ocrx_word' id='word_1_197' title='bbox 1170 3695 1172 3698; x_wconf 78' lang='grc'>’</span> 
     </span>
     <span class='ocr_line' id='line_1_31' title="bbox 152 3797 1168 3900; baseline -0.001 -31"><span class='ocrx_word' id='word_1_198' title='bbox 152 3799 269 3871; x_wconf 84' lang='lat' dir='ltr'>Eccur</span> <span class='ocrx_word' id='word_1_199' title='bbox 294 3826 402 3900; x_wconf 88' lang='lat' dir='ltr'>ergo,</span> <span class='ocrx_word' id='word_1_200' title='bbox 434 3801 587 3896; x_wconf 76' lang='lat' dir='ltr'>insistiS,</span> <span class='ocrx_word' id='word_1_201' title='bbox 620 3797 775 3878; x_wconf 89' lang='lat' dir='ltr'>Gentiles</span> <span class='ocrx_word' id='word_1_202' title='bbox 808 3797 1076 3874; x_wconf 81' lang='lat' dir='ltr'>abominamur?</span> <span class='ocrx_word' id='word_1_203' title='bbox 1163 3863 1168 3868; x_wconf 85' lang='lat'>.</span> 
     </span>
     <span class='ocr_line' id='line_1_32' title="bbox 101 3907 1076 4018; baseline 0.003 -39"><span class='ocrx_word' id='word_1_204' title='bbox 101 3935 221 3982; x_wconf 91' lang='lat' dir='ltr'>nonne</span> <span class='ocrx_word' id='word_1_205' title='bbox 246 3912 380 4010; x_wconf 89' lang='lat' dir='ltr'>eadem,</span> <span class='ocrx_word' id='word_1_206' title='bbox 406 3943 484 4016; x_wconf 88' lang='lat' dir='ltr'>quae</span> <span class='ocrx_word' id='word_1_207' title='bbox 508 3916 574 4018; x_wconf 86' lang='lat' dir='ltr'>ipsi</span> <span class='ocrx_word' id='word_1_208' title='bbox 600 3915 769 4018; x_wconf 82' lang='lat' dir='ltr'>fecerint,</span> <span class='ocrx_word' id='word_1_209' title='bbox 794 3928 830 3984; x_wconf 93' lang='lat' dir='ltr'>et</span> <span class='ocrx_word' id='word_1_210' title='bbox 854 3937 919 3984; x_wconf 90' lang='lat' dir='ltr'>nos</span> <span class='ocrx_word' id='word_1_211' title='bbox 943 3907 1076 4006; x_wconf 86' lang='lat' dir='ltr'>abjecta</span> 
     </span>
    </p>
   </div>
   <div class='ocr_carea' id='block_1_2' title="bbox 0 0 1476 4962">
    <p class='ocr_par' dir='ltr' id='par_1_2' title="bbox 0 0 1476 4962">
     <span class='ocr_line' id='line_1_33' title="bbox 0 0 1476 4962; baseline 0 6"><span class='ocrx_word' id='word_1_212' title='bbox 0 0 1476 4962; x_wconf 95' lang='lat' dir='ltr'> </span> 
     </span>
    </p>
   </div>
  </div>
 </body>
</html>
