2908 4962
248 538 297 586 aa
316 535 446 612 aaronis
463 540 536 586 ure.
555 499 977 590 aar.aarnorn1amrraus
1031 520 1102 595 1109

82 664 85 673 ·
128 649 216 716 aam3
236 617 360 698 'tamen
385 626 536 698 strictius
562 642 598 698 et
622 627 775 724 rigorose
801 630 912 704 unitio
931 629 1104 702 actionem

129 737 271 810 denotat
295 738 472 827 unientis,
497 740 582 808 nnio
609 762 693 810 vero
719 738 909 810 terminum
934 739 1047 838 ipsius·
1068 767 1106 811 a·

128 849 263 922 ationis.
289 850 398 921 Porro
416 851 451 918 in
469 850 613 948 hujusce
630 864 752 919 natura
776 850 912 921 unionis
934 851 1106 948 assiguan-

128 958 170 1030 da
186 960 421 1032 -vehementer
448 958 646 1058 discrepant
673 959 807 1031 Scholae
833 959 1013 1052 DoctoreS‚
1039 965 1105 1034 etsi

127 1095 251 1142 omnes
276 1071 529 1142 humanitatem
566 1073 693 1142 unione
727 1071 861 1160 intima,
895 1073 1036 1170 physica
1053 1090 1106 1146 vet

126 1179 344 1281 hypostatica
362 1209 443 1254 cum
461 1182 578 1254 Verbo
596 1183 758 1280 conjungi
774 1181 957 1286 fateantur.
974 1185 1107 1258 Volunt

125 1292 241 1390 aliqui,
254 1297 420 1366 unionem
437 1296 692 1394 hypostaticam
709 1321 784 1368 esse
801 1297 989 1394 ipsammet
1006 1299 1107 1370 actio·

127 1431 222 1497 nem,
248 1432 312 1504 per
338 1432 444 1503 quam
469 1407 666 1477 humanitas
693 1407 822 1477 Christi
840 1406 1009 1506 producta
1027 1408 1106 1480 fuit:

127 1513 192 1586 sed
216 1516 344 1586 rectius
371 1531 515 1586 censent
540 1514 605 1604 alii,
640 1515 805 1586 unionem
840 1515 936 1587 illam
970 1515 1107 1588 realiter

128 1622 294 1722 distingui
311 1651 329 1694 a
347 1624 578 1723 productione
595 1625 827 1715 humanitatis
854 1609 936 1698 cum
962 1628 1007 1697 sit
1029 1629 1106 1699 haec

127 1736 220 1808 actio
255 1750 378 1834 utpote
413 1761 500 1833 opus
534 1735 582 1806 nd
613 1752 718 1806 extra
752 1737 820 1807 toti
858 1736 975 1808 Triadi
1014 1763 1108 1809 com·

75 1913 78 1922 s
128 1845 257 1936 munis,
283 1871 322 1914 ea
349 1859 466 1915 autem
493 1846 574 1916 unio
601 1843 705 1916 solius
724 1845 838 1916 *Verbi
865 1845 985 1916 duint
1019 1849 1108 1918 Sunt

127 1950 281 2041 iterum,
307 1953 368 2048 qui
394 1969 583 2048 sequantur
610 1954 817 2024 alterutrum
843 1954 980 2028 duobus
1006 1982 1025 2027 e
1055 1983 1108 2052 sy·

129 2063 285 2133 sternatis
303 2063 539 2161 sequentibus,
557 2091 635 2160 quae
653 2067 705 2136 Le
724 2065 848 2136 Grarad
863 2064 990 2138 dubius
1011 2065 1110 2137 nihil·

128 2197 198 2267 que
224 2169 392 2242 definiens
418 2171 592 2270 expandit.
612 2173 749 2246 Scilicet
770 2173 826 2244 alii
849 2176 996 2273 geminae
1013 2175 1111 2248 uuio·¹

127 2306 213 2350 nem
238 2293 370 2352 naturae
397 2284 615 2354 constituunt
640 2285 676 2354 in
703 2287 847 2356 entitate
874 2285 917 2358 ab
939 2287 1108 2359 extremis

127 2391 235 2460 unitis
261 2388 433 2482 distincta3
460 2419 564 2490 quam
591 2391 732 2465 Gabriel
758 2420 830 2492 esse
848 2410 949 2494 putat
969 2393 1110 2492 qualita-

128 2516 203 2570 tem
221 2502 517 2600 supernaturalem
536 2501 742 2596 absolutam,
760 2505 884 2577 Scotus
905 2503 1111 2576 relationem

126 2609 268 2700 realem,
284 2629 499 2708 quanatura
524 2612 849 2700 humanarefertur
874 2611 917 2683 ad
942 2611 1110 2702 Verbum,

125 2715 256 2790 'Suarez
282 2724 399 2792 autem
426 2724 608 2793 entitatem
635 2721 807 2794 modalem
835 2722 974 2794 realiter
990 2721 1110 2792 distin·

127 2845 222 2911 etam
240 2856 259 2900 a
284 2831 402 2908 Verbo
420 2847 455 2902 et
473 2833 687 2902 humanitate
700 2859 722 2908 ι,
736 2847 782 2922 at,
808 2831 1000 2902 Thomistis
1026 2830 1108 2922 hinc

127 2939 211 3012 inde
238 2939 364 3032 divisis,
389 2940 445 3012 alii
463 2959 544 3012 sunt
570 2940 680 3032 multi,
701 2939 891 3012 Cardinalis
914 2940 1108 3038 Cajetanusss

128 3053 389 3145 Thomassinus,
401 3054 540 3142 lucain,
553 3051 784 3150 Tournelyus‚
796 3050 892 3123 Berti
910 3052 1108 3148 oaeterique,

129 3159 191 3259 qai
216 3179 357 3259 negant,
382 3161 477 3232 illam
503 3160 668 3258 distingui
685 3161 728 3232 ab
751 3161 925 3252 extremis3
940 3162 1108 3260 ajuntque

128 3272 286 3344 Verbum
313 3291 349 3347 et
374 3276 627 3346 humanitatem
653 3276 772 3374 seipsis
797 3272 928 3370 absque
946 3272 1016 3345 ullo
1041 3299 1111 3350 me·

130 3385 190 3458 dio
216 3385 272 3458 vel
297 3386 517 3486 superaddita
544 3387 689 3458 entitate
716 3387 880 3486 conjungi
897 3387 1110 3486 inpersonae

131 3514 314 3569 unitatem.
694 3590 696 3595 Ι
977 3527 979 3534 ’

181 3609 227 3677 Hi
253 3609 369 3705 itaque
397 3611 561 3698 sciscunt,
588 3608 683 3706 quod
711 3611 792 3680 uuio
812 3604 1043 3707 ‘hypostatica
1061 3605 1110 3676 nil

135 3717 180 3788 sit
197 3717 300 3807 aliud,
319 3745 425 3815 quam
443 3721 712 3791 communicatio
731 3719 837 3791 divini
854 3722 940 3790 Esse
959 3745 977 3788 a
995 3716 1112 3788 Verbo

133 3826 221 3898 sacta
248 3828 455 3897 humanitati
474 3854 536 3924 per
555 3830 655 3924 hujus
670 3826 933 3898 ¹translationem
950 3827 986 3894 in
1013 3849 1110 3895 suam

133 3938 312 4037 propriam
323 3935 609 4037 personalitatem.
624 3939 696 4009 llos
709 3964 773 4034 ego
787 3935 1012 4035 complector.
1022 3932 1111 4003 Nam
