2942 4962
372 465 444 543 tos
621 489 681 536 ur.
705 488 740 537 ιν
767 485 936 536 suesionis
966 490 1000 538 tv
1017 477 1056 536 c.
1080 491 1105 536 n

371 575 472 649 nobis
497 575 743 661 maledictum·
768 573 869 669 idest,
894 576 942 646 ait
967 574 1212 674 Augustinus,
1234 603 1351 653 susee-

364 688 421 782 pit
448 683 607 757 Christus
632 687 706 756 sine
733 698 833 756 reatu
857 683 1072 782 supplicium
1097 703 1280 775 nostrum,
1306 703 1350 784 ut

372 791 452 864 inde
477 792 622 865 solveret
648 807 786 864 reatum
811 807 984 865 nostrum.
1002 793 1101 866 =Hinc
1132 819 1175 866 ert
1205 791 1352 867 laudato

373 901 418 974 nd
434 904 536 975 Rom.
552 903 591 996 8,
603 928 688 975 eum
706 900 826 974 adhuc
836 918 1041 1001 peccatores
1059 930 1269 978 essemus...
1242 931 1355 1006 p..ro

372 1013 474 1088 nobis
498 1030 659 1087 mortuus
685 1030 745 1088 est.
763 1015 883 1088 Tertio
910 1013 1053 1086 demum
1070 1017 1237 1117 Princeps
1255 1017 1354 1118 Apo·

374 1127 546 1199 stolorum
571 1128 637 1226 Ep.
666 1128 680 1196 1
715 1151 745 1198 c.
774 1128 817 1197 i:
844 1152 917 1198 nou
943 1117 1230 1224 corruptibilibus
1259 1153 1355 1200 auro

371 1255 406 1312 et
430 1253 573 1334 argento
609 1237 780 1336 redempti
808 1240 952 1310 estis...
966 1238 1064 1311 sed
1094 1241 1248 1335 pretioso
1274 1264 1355 1310 sorr-

370 1352 492 1446 guine,
505 1351 618 1446 ,quasi
642 1353 728 1445 ogisi
754 1347 978 1420 immaculati
1005 1346 1147 1436 Christi,
1174 1364 1208 1420 et
1233 1353 1357 1424 incon·

372 1460 551 1544 taminati,
578 1455 719 1547 seilicet,
743 1456 858 1554 inquit
881 1457 1019 1547 Paulus,
1044 1461 1154 1553 empti
1177 1459 1258 1531 estis
1275 1483 1358 1557 pre·

373 1572 420 1640 tio
447 1591 603 1664 magno:
631 1566 680 1638 sic
706 1592 809 1664 ergo,
835 1589 921 1638 cum
947 1568 1085 1640 inimici
1109 1589 1278 1654 essemus,
1304 1589 1354 1640 re-

372 1680 554 1753 conciliati
578 1703 702 1750 sumus
727 1679 804 1750 Deo
824 1703 894 1776 per
916 1693 1068 1752 mortem
1092 1678 1181 1750 Filii
1196 1681 1287 1776 reJ'us,
1305 1679 1354 1750 eit

373 1789 469 1862 idem
495 1787 623 1860 Paulus
657 1787 679 1859 5
715 1785 759 1857 ad
784 1787 885 1861 Rom.
900 1843 910 1878 ,
937 1787 1032 1887 quod
1058 1803 1094 1860 et
1119 1787 1249 1888 pluries
1274 1789 1356 1860 insi·

373 1905 469 1973 nuit
487 1901 550 1971 liis
567 1899 685 1998 itaque
710 1897 869 1999 probavi,
886 1898 982 1997 quod
999 1898 1222 1998 probandum
1239 1889 1357 1972 erat*

373 2014 466 2088 Num
492 2009 712 2084 tenebriones
737 2009 775 2082 in
800 2012 876 2082 haec
894 2026 930 2081 et
947 2026 1110 2082 sexcenta
1126 2009 1250 2082 similia
1276 2035 1358 2082 suas

368 2121 552 2222 jactabunt
577 2125 719 2194 technas
746 2148 931 2220 gestusque
957 2121 1106 2194 sienim?
1134 2121 1169 2193 Si
1187 2137 1260 2196 tota
1277 2121 1358 2196 red·

373 2235 507 2335 emptio
532 2235 569 2304 in
595 2233 841 2306 sole'doctriua
869 2251 905 2306 et
930 2234 1101 2335 exemplis
1118 2234 1247 2307 Christi
1274 2260 1362 2308 com.

374 2347 481 2435 sistat,
507 2371 570 2416 cur
596 2346 834 2445 expressiones
860 2361 935 2416 tam
961 2346 1049 2420 vivae
1067 2345 1359 2448 Scripturarumi

374 2458 447 2529 Gur
459 2481 531 2527 non
550 2471 585 2526 et
601 2457 798 2554 Prophetes,
808 2455 978 2556 Apostoli,
995 2458 1167 2557 Martyres
1179 2457 1226 2530 ob
1240 2484 1366 2538 exem,

372 2563 429 2664 ple
454 2565 626 2638 virtutum
643 2590 684 2636 ee
700 2561 870 2637 doctrinae
887 2563 1176 2664 praedicationem
1202 2591 1265 2637 suo
1282 2589 1361 2644 san-

374 2677 478 2775 guiue
513 2675 755 2774 consignatum
789 2701 855 2776 pro
880 2674 983 2749 nohis
1008 2677 1140 2749 mortui
1167 2675 1360 2749 dicuntur?

371 2784 551 2886 Numquid
592 2801 854 2884 persecutorem
897 2783 982 2858 olim
1024 2784 1172 2858 Paulum
1215 2811 1353 2858 sanasse

374 2893 631 2996 redemisseque
658 2911 861 2968 mortuusve
887 2921 953 2994 pro
980 2920 1021 2967 eo
1057 2893 1185 2967 dicitur
1216 2895 1360 2994 Stepha-

412 3258 421 3272 ‘
439 3257 524 3324 Empti
540 3258 598 3310 estis
599 3257 745 3326 inquiebat
757 3255 897 3324 Apostolus,
907 3257 987 3323 pretio
999 3273 1097 3327 magno,
1109 3275 1221 3326 greces
1206 3255 1364 3324 η’γοράςθητε

371 3368 419 3416 γαρ
439 3369 464 3397 τι
465 3352 531 3413 piis:
526 3349 591 3398 ·ubi
609 3351 676 3418 quod
701 3346 817 3409 habetur,
835 3345 1008 3416 η’γοράσθητι,
1026 3337 1364 3420 sesolosignifioetemptio-

365 3444 526 3494 semiactum
543 3423 624 3494 soluto
642 3444 733 3509 pretim
753 3442 817 3492 unde
831 3459 856 3488 τι
849 3442 906 3504 ιμῆς
921 3442 1013 3494 indicet
1029 3460 1081 3494 non
1094 3445 1167 3493 modo
1179 3444 1295 3512 pretium,
1312 3445 1360 3494 sed

372 3538 444 3602 pretii
457 3535 658 3602 magnitudinem
671 3532 714 3583 lu
721 3531 839 3602 λύτρωςισ
850 3552 933 3588 verum
951 3537 1155 3606 redetnptionem,
1167 3551 1195 3584 ac
1208 3532 1295 3602 λύτρον
1306 3553 1361 3608 pre-
1457 3537 1458 3546 ’

325 3635 327 3642 ’
372 3631 434 3677 tium
452 3644 497 3696 pro
515 3630 605 3695 captivi
622 3628 789 3696 redemptione
807 3628 960 3698 persolutum
986 3629 1100 3681 Grecis
1093 3646 1120 3679 m
1138 3629 1248 3682 sontibus
1265 3632 1362 3700 proprie

368 3721 498 3787 significet:
517 3725 562 3772 etsi
581 3730 663 3772 tomen
681 3721 731 3772 ime
748 3731 831 3790 neget,
848 3725 927 3774 immo
940 3731 967 3774 et
983 3719 1058 3774 Verbi
1075 3722 1292 3775 incarnationem
1286 3727 1363 3793 impio
1431 3783 1432 3786 Ἴ
1457 3767 1458 3786 ,

371 3805 494 3871 mettium
513 3818 633 3868 eradicare
651 3819 797 3886 pertentet
792 3821 975 3886 impiissimum,
993 3825 1019 3869 et
1035 3822 1115 3890 ipsum
1142 3835 1199 3872 vere
1225 3823 1314 3871 totius·
1307 3819 1363 3871 ·E·c·
1457 3803 1458 3834 1

369 3875 454 3962 ciesie
454 3909 602 3964 tultninibos
619 3911 777 3974 eradicatum,
794 3909 929 3962 Steinbarti
946 3912 1058 3977 &suma
1076 3909 1261 3964 sensianum.
