2942 4962
234 514 279 561 ne
295 509 402 560 consu
420 509 548 560 cearsrr
566 511 609 562 nu
627 512 817 579 semanno.
835 513 877 560 ur
896 513 945 559 ιιι.
1016 488 1091 588 225

106 625 187 676 rum
223 598 410 692 doctrina,
444 597 536 672 idest
568 598 710 674 traditio
743 615 872 672 sanetae
906 589 1092 679 catholicae

106 711 286 786 Ecclesiae.

116 821 280 896 Nonne
306 835 342 893 et
371 821 424 892 tui
456 819 723 920 Imperatoris
713 821 930 920 imaginem
927 797 1092 900 civiliter

106 932 241 1024 adoras,
258 933 340 1031 quia
364 930 525 1004 similiter
550 926 674 1004 adoras
699 932 972 1032 Imperatorem?
998 959 1084 1034 ergo

105 1043 185 1140 quia
210 1042 389 1141 piissimus
411 1042 597 1114 ‘veneraris
623 1040 781 1114 absolute
807 1043 940 1140 Regem
957 1069 1090 1142 regunt.

104 1153 220 1223 Deum
237 1153 378 1250 ejusque
396 1151 501 1248 regiae
528 1150 680 1224 coelestis
693 1149 845 1241 Aulioos3
856 1153 907 1240 ita¹
921 1152 1091 1252 respecti.

105 1290 147 1338 ve
164 1263 323 1364 ipsorum
340 1263 510 1360 imagines
525 1265 604 1362 pius
623 1279 659 1334 et
676 1262 857 1360 religiosus
875 1262 992 1336 adora.
1006 1265 1084 1338 Ah.

103 1387 276 1473 quantum
302 1373 496 1475 impietatis·
510 1373 675 1446 adversus
692 1376 915 1448 sacratiorem
934 1374 1079 1452 Crucifi-¹

102 1485 138 1557 xi
163 1485 354 1583 imaginem
371 1487 466 1584 (quo
491 1510 564 1556 non
583 1485 696 1557 trahit
722 1485 885 1562 seditiosa
901 1485 1016 1559 rabies
1041 1513 1083 1560 ac

102 1595 308 1695 irreligioi)
334 1595 494 1670 Massiliae
513 1621 596 1668 cum
612 1597 654 1668 iis
670 1599 918 1691 exhorruisses,
935 1596 980 1671 de
1013 1599 1084 1698 qui·
1179 1677 1181 1684 ,

100 1706 167 1780 hus
191 1707 297 1780 italus
310 1709 423 1783 Monti
441 1709 485 1782 in
500 1735 562 1782 sua
581 1709 852 1790 Bassviilr'una!

244 1887 383 1952 «videro,
399 1887 440 1938 ahi
457 1865 534 1938 vistai
552 1891 577 1938 in
594 1904 677 1938 mezzo
694 1885 757 1937 delia
774 1884 832 1937 solta

310 1963 418 2030 wsursi
435 1997 484 2030 una
500 1997 587 2044 cruce,
603 1979 643 2029 'col
660 1981 728 2029 divin
746 1995 791 2029 suo
808 1995 866 2046 peso
934 1979 937 1985 '

308 2071 545 2123 «Bestemmiato'e
547 2075 640 2123 derisu
657 2091 692 2122 un
694 2071 771 2122 ’altra
789 2072 862 2124 volta.
921 2067 923 2072 ’

242 2187 255 2210 ιι
274 2166 294 2216 Ε
311 2183 326 2216 ιι
342 2167 383 2234 pie
400 2165 441 2216 del
456 2166 527 2233 legno
545 2168 659 2216 redentor·
677 2167 767 2216 disteso
788 2195 792 2201 ·

309 2281 321 2308 ιι
340 2261 404 2312 Uota
421 2268 522 2328 ouperto
539 2262 565 2311 di
580 2275 672 2333 sangae
689 2268 866 2328 tuttoquanto‚
951 2307 955 2314 ,

307 2374 319 2400 ιι
338 2354 376 2404 Da
398 2362 470 2404 cento
495 2361 573 2422 puute
598 2357 624 2404 in
649 2361 722 2404 cento
747 2356 810 2420 parti
835 2351 921 2416 oss'eso.

96 2511 183 2585 Heio
209 2538 293 2585 vero
318 2513 462 2612 hujusce
487 2513 640 2585 hominis
658 2514 800 2614 spiritus
825 2511 903 2584 de
893 2511 1012 2613 1mpiis
1024 2511 1089 2583 ita

96 2623 243 2722 loquens
268 2624 469 2697 inducitur:

114 2839 119 2848 ,
174 2842 177 2848 ,
237 2795 391 2850 «Ρειοιοιιὲ
409 2795 448 2846 dal
466 2802 562 2849 costoro
579 2794 768 2864 empioflsurore.
803 2859 805 2866 Ι

240 2952 244 2960 Ι
304 2909 316 2934 ιι
335 2889 356 2939 Α
373 2892 445 2956 gittar
461 2891 606 2938 strascinato
624 2875 804 2956 (alri‘parlmo
821 2883 935 2952 taccio?)
970 2865 971 2870 ,
1024 2951 1026 2957 ,

303 3002 315 3027 ιι
335 2982 382 3031 Dei
399 2980 485 3048 ribaldi
503 2981 520 3032 ιι
537 2990 647 3050 capestro
665 2980 688 3031 al
705 2982 754 3030 mio
772 2981 889 3045 signore3
960 2973 963 2978 ’

237 3096 249 3122 ιι
267 3076 298 3125 Di
316 3093 374 3125 man
391 3079 424 3124 mi
442 3076 517 3126 cedde
535 3075 551 3124 ι’
561 3083 668 3125 esecrato
685 3075 760 3125 laceio
770 3107 788 3139 ‚-

303 3191 316 3215 ιι
335 3169 356 3220 Ε
374 3173 468 3220 ιίιιιιιι
485 3169 508 3219 le
525 3169 669 3242 chiome2e
686 3153 725 3219 via
741 3184 785 3236 per
801 3167 885 3218 l’ossa

302 3284 316 3309 ιι
334 3263 423 3314 Correr
439 3263 472 3312 m'
482 3266 554 3312 intest
571 3279 591 3312 e
602 3280 645 3331 per
662 3261 792 3328 legoteil
808 3260 923 3328 ghiaccio.
996 3313 998 3336 Ε

239 3380 252 3406 ιι
269 3360 301 3410 Di
314 3360 387 3408 erudi
404 3357 468 3425 culpi
484 3357 544 3410 aller
562 3365 656 3410 rottae
673 3373 786 3424 percussa
890 3385 892 3390 ι

300 3473 313 3499 ιι
332 3453 366 3502 Mi
383 3455 454 3502 sentit
472 3450 494 3500 la
512 3468 628 3520 persona,
646 3467 660 3500 e
677 3449 757 3520 quella
774 3465 844 3500 croce
949 3444 951 3448 ’

301 3565 313 3590 ιι
332 3544 376 3595 Fei
393 3543 433 3594 del
449 3545 499 3593 mio
516 3559 608 3609 sangae
625 3541 696 3591 anch'
708 3522 860 3601 iussumante
876 3555 891 3590 e
907 3554 982 3590 rossa.

28 3717 35 3730 ·
142 3684 268 3758 Cultus
284 3685 428 3784 hujusce
446 3698 566 3778 tamen
584 3679 711 3753 modus
728 3681 970 3776 terminusque
988 3701 1085 3799 prae-s¹

87 3799 183 3869 cisus
208 3796 311 3869 variis
336 3794 601 3891 Theologorum
626 3791 809 3862 intricatur
831 3788 994 3889 judiciis:
1021 3787 1082 3857 sie

87 3921 209 3976 antem
227 3903 292 3976 tihi
308 3904 461 3976 breviter
478 3901 569 3974 illius
586 3901 720 3974 extrico
737 3897 950 3996 indaginem,
968 3919 1088 4007 quam

149 4039 237 4085 ron.
264 4039 296 4086 11
325 4039 452 4088 root
940 3997 1022 4076 15*
