2908 4962
373 508 447 584 134
622 533 683 581 nrn.
708 533 743 582 tv
769 529 938 580 senatoris
964 529 1001 579 nr
1026 529 1056 580 c.
1081 533 1093 579 r

371 645 430 694 sus
448 617 592 711 'arcano,
616 644 661 690 ne
677 617 836 691 beatifica
862 617 951 690 visio
976 616 1049 715 ejus
1066 615 1192 688 arrimae
1209 630 1246 686 et
1268 641 1348 715 gau·

369 726 467 799 dium
493 728 603 829 partis
627 752 688 799 seu
714 740 893 826 respectus
917 726 954 797 in
979 751 1020 798 ea
1046 725 1235 826 superioris
1268 725 1362 799 resi-1

367 837 450 910 liret
473 838 511 909 in
536 863 663 938 corpus
680 853 740 909 aut
756 833 928 908 difflueret
943 837 982 908 in
998 834 1201 910 inferiorem
1218 836 1344 910 annnae

278 999 283 1009 .
368 960 519 1045 partem,
536 971 615 1044 quae
632 946 723 1018 circa
740 944 912 1016 sensibilia
930 961 1104 1019 versatur:
1117 943 1236 1018 debuit
1249 950 1360 1018 enim'

357 1050 540 1150 fratribus
564 1054 767 1140 assimilari,
792 1054 840 1124 ait
864 1053 1002 1145 Paulus,
1031 1069 1072 1125 nt
1109 1055 1348 1152 repropitiaret

371 1163 499 1239 delicta
519 1166 655 1264 populi.
682 1166 771 1255 Quae
797 1168 915 1239 onmia
941 1165 1061 1240 sedulo
1095 1163 1346 1240 animadverta·
1440 1241 1441 1246 ,

370 1277 432 1348 tis:
467 1278 521 1350 his
546 1293 641 1350 certe
667 1293 721 1350 tot
746 1275 1035 1353 Adversariorum
1061 1277 1128 1350 tela
1159 1275 1350 1350 retundun-

371 1401 439 1457 tur.
455 1387 474 1424 *
913 1469 915 1473 Ι

415 1494 519 1569 Prot.
547 1501 584 1569 2⁸
609 1523 699 1598 pars.
718 1499 816 1570 Hanc
833 1513 869 1568 et
886 1499 1039 1598 priorem
1061 1497 1279 1570 demonstrat
1306 1495 1349 1567 D.

371 1601 438 1676 Th.
464 1605 498 1677 3.
523 1635 559 1707 p.
585 1633 618 1706 q.
638 1609 696 1700 14.
713 1607 890 1706 Equidem
916 1606 1143 1706 singularium
1164 1605 1350 1678 hominum

370 1718 523 1818 propriae
549 1736 586 1791 et
611 1719 810 1819 personales
835 1720 1066 1811 infirmitates,
1084 1745 1183 1791 secus
1200 1743 1241 1791 ac
1259 1741 1350 1790 com

369 1856 495 1904 munes
520 1832 607 1926 aliae,
633 1833 677 1906 ad
703 1859 791 1934 opus
808 1832 1060 1933 redemptionis
1077 1834 1241 1930 humanae
1257 1826 1351 1902 haud

369 1959 468 2016 erant
493 1947 703 2038 necessariae,
721 1945 783 2018 sed
801 1946 832 2016 ci
848 1946 965 2046 potius
990 1943 1201 2036 officiebant3
1229 1941 1350 2042 adspe-

370 2067 448 2124 ctus
465 2054 570 2126 etiam
588 2071 647 2126 aut
664 2054 786 2148 formae
805 2053 987 2155 turpitudo
1004 2054 1041 2126 in
1060 2054 1202 2127 Christo
1219 2055 1350 2152 repara·

370 2174 458 2252 tore,
475 2161 518 2233 ab
530 2163 598 2236 isto
615 2164 776 2236 homines
793 2162 981 2254 avocando,
998 2161 1189 2235 obstitisset
1215 2161 1350 2261 impen-

371 2265 430 2338 dio
447 2271 598 2343 consiliis
616 2273 707 2370 ejus:
726 2297 785 2344 eos
801 2273 908 2370 igitur
925 2271 1095 2348 delectus¹
1111 2293 1187 2343 non
1219 2290 1346 2342 assum·

371 2378 451 2476 p'sit.
468 2377 510 2449 Id
535 2379 677 2480 insuper
703 2405 830 2480 corpus
855 2381 1012 2480 oportuit
1036 2403 1110 2452 esse
1135 2377 1355 2479 perfectum,-

373 2486 468 2584 quod
494 2487 610 2562 divina
636 2491 670 2561 S.
689 2491 837 2588 Spiritus
854 2490 1056 2590 operatione
1074 2488 1267 2561 formatum
1288 2499 1350 2577 est,

372 2599 538 2699 quodque
563 2600 613 2672 nil
638 2600 760 2673 habuit
784 2600 979 2680 adversum
1000 2617 1061 2673 aut
1085 2595 1192 2673 reetae
1208 2653 1210 2658 -
1225 2597 1349 2676 consu,

370 2709 498 2782 tutioni
524 2726 584 2782 aut
609 2709 732 2784 lormae
760 2710 954 2802 venustati-3
980 2735 1053 2782 non
1086 2707 1256 2779 nimirum
1290 2701 1347 2777 sot·

411 3017 419 3032 “
436 3018 490 3068 Jam
508 3021 581 3070 modo
598 3018 713 3088 loquatur
724 3028 819 3070 nostras
836 3023 900 3084 inter
916 3019 1002 3068 Patres
1014 3016 1137 3084 lguatius‚
1157 3018 1200 3084 qui
1217 3015 1288 3064 initio
1305 3011 1348 3082 tp.

369 3109 400 3158 ad
417 3110 554 3175 Smyrnaeos
571 3113 604 3160 ita
622 3112 652 3160 de
670 3109 768 3162 Christo
778 3111 875 3164 scribit:
890 3109 954 3160 Vere
963 3127 1052 3177 passus
1064 3120 1107 3173 est,
1119 3106 1186 3158 sicut
1199 3119 1226 3157 et
1242 3121 1297 3156 verte
1308 3103 1349 3155 sei·

367 3216 440 3266 psrun
457 3201 621 3265 resuscitavit·
636 3220 684 3251 non
701 3215 730 3252 ut
746 3201 850 3272 quidam
867 3187 976 3270 nfideles
993 3200 1088 3262 dicunt,
1105 3197 1240 3250 rectutdnm
1257 3198 1351 3268 opinio·

371 3309 424 3340 nem
441 3293 521 3360 ipsum
532 3311 634 3362 passum
646 3310 703 3356 esse,
717 3295 767 3362 ipsi
777 3293 911 3344 sectandum
927 3293 1063 3362 opinionem
1079 3295 1221 3344 existentes:
1234 3303 1260 3342 et
1270 3285 1360 3362 quern?
1405 3291 1407 3298 '

372 3381 506 3434 ndnrodnrn
532 3387 640 3454 sapiunt,
657 3387 699 3438 sic'
710 3400 734 3436 et
750 3387 871 3456 continget
887 3387 932 3449 eit5
948 3387 995 3458 qui
1008 3387 1163 3457 phantastici
1183 3399 1242 3437 sunt
1258 3403 1289 3437 ac
1305 3383 1354 3437 ἄω-

370 3479 484 3529 moniaci.
497 3481 530 3530 Et
547 3490 676 3549 postquam
694 3480 756 3532 illico
773 3484 932 3552 continenter·
943 3482 1056 3548 affirmat,
1076 3483 1154 3548 «Ego
1171 3484 1237 3532 enim
1254 3488 1351 3550 etpost

368 3577 569 3625 resurrectionem
585 3593 642 3625 eum
655 3578 680 3626 in
692 3593 763 3628 carne
776 3579 842 3642 novi,
856 3598 868 3623 n
882 3579 964 3646 paucis
976 3575 1109 3644 interjectis
1121 3577 1156 3628 sic
1167 3579 1227 3626 item
1239 3574 1352 3628 inculcat:

367 3667 395 3717 Si
410 3668 522 3735 opinione
539 3668 593 3718 sola
611 3667 665 3720 lucc
685 3653 701 3718 ri
718 3647 825 3720 Domino
842 3684 926 3720 nostro
934 3675 996 3721 'sunt
1005 3682 1124 3740 peraeta‚·
1142 3681 1166 3720 et
1176 3686 1220 3736 ego
1239 3669 1350 3738 opinione

368 3760 449 3810 solum
465 3762 642 3818 vinctussnm.
663 3761 733 3828 Quid
748 3781 804 3813 vero
820 3778 845 3814 et
861 3764 980 3832 meipsum
1000 3763 1074 3813 morti
1085 3760 1228 3813 dedititium
1246 3759 1349 3823 radidi,
1398 3737 1402 3746 ¹

366 3854 403 3905 nd
421 3856 508 3926 ignem,
521 3854 557 3906 ad
564 3854 687 3924 gladium,
705 3855 742 3906 ad
756 3857 868 3908 bestias?
887 3858 980 3910 Verum
997 3857 1044 3928 qni
1051 3873 1129 3931 prope
1140 3854 1265 3926 gladium,
1275 3870 1351 3925 propt
1409 3868 1413 3876 ’

273 4009 277 4020 ,
368 3950 450 4002 Deum
467 3962 518 4003 est:
537 3952 584 4022 qui
600 3969 656 4004 curn
674 3951 764 4016 bestiis,
783 3965 839 4004 curn
857 3953 911 4004 Deo
928 3965 973 4002 est.
