2942 4962
398 522 473 598 192
645 543 707 596 tta.
732 545 767 596 rv
793 545 961 610 spumosus
985 543 1008 596 v
1033 546 1063 595 c.
1086 503 1112 594 u

398 647 565 734 gumento
589 631 632 707 D.
656 635 804 706 Thomae
830 655 862 729 q.
890 633 912 702 9
937 659 967 704 u.
994 635 1026 703 2:
1056 660 1073 702 u
1093 631 1234 704 seientia
1249 630 1368 705 beato·

396 771 476 818 rum
491 746 529 817 in
545 745 610 818 Dei
625 746 824 843 cognitione
840 737 1019 816 consistit:
1038 741 1098 815 sed
1123 744 1281 816 Christus
1299 745 1368 843 ple·

344 924 353 948 Ι
396 880 443 928 ne
467 855 629 955 cognovit
653 856 766 928 Deum
792 855 897 925 etiam
922 851 1114 927 seeundum
1136 851 1230 952 quod
1247 857 1368 946 homo,

398 966 590 1040 secundum
614 965 701 1038 illud
725 967 779 1038 Jo.
804 968 839 1057 8,
866 965 948 1037 Scio
973 991 1083 1053 eum,
1108 980 1142 1038 et
1165 990 1367 1037 sermonem

293 1151 294 1155 ,
395 1079 474 1176 qus
497 1099 617 1150 servo:
641 1099 726 1173 ergo
751 1075 788 1146 in
813 1074 951 1147 Christo
976 1073 1042 1144 fuit
1075 1074 1217 1146 scientia
1249 1072 1368 1145 beato-

396 1205 486 1258 rum.
504 1215 523 1257 u
550 1187 599 1258 Et
622 1185 788 1283 quoniam
813 1185 879 1256 ista
904 1185 1029 1257 animae
1055 1185 1189 1258 Christi
1219 1181 1368 1254 debeba-

395 1309 452 1368 tus
476 1295 510 1369 vi
535 1320 607 1368 suoe
631 1295 769 1367 unionis
794 1295 1021 1394 hypostatice
1046 1291 1284 1384 converto,
1309 1296 1366 1368 cui

394 1429 414 1474 a
438 1404 551 1504 prima
576 1405 613 1474 in
633 1403 786 1502 Virginis
802 1420 902 1476 utero
920 1397 1126 1476 formatione
1141 1403 1367 1474 humanitatis

392 1514 490 1586 unita
515 1513 590 1607 suit,
616 1512 660 1587 ab
685 1515 754 1587 hoc
779 1515 883 1586 etiam
900 1515 1042 1586 instanti
1058 1516 1169 1614 ipsam
1186 1513 1366 1585 s'cientiam

391 1621 526 1718 lrabuit,
551 1649 620 1726 qua
638 1621 731 1699 'vidit
747 1625 783 1696 iu
800 1622 938 1696 mortali
962 1624 1043 1716 vita,
1060 1640 1096 1696 et
1112 1623 1208 1696 omni
1225 1620 1367 1720 quidem

393 1731 459 1804 alia
484 1743 641 1805 creatura
666 1731 800 1825 clarius,
825 1732 1042 1806 divinitatem
1059 1746 1095 1804 et
1112 1730 1267 1829 gloriam.
1285 1730 1368 1802 Cer·

394 1857 472 1914 tum
497 1859 550 1916 est
574 1844 701 1940 itaque,
722 1843 821 1941 juxta
846 1840 1070 1940 Fulgentium
1095 1839 1247 1938 aliosque
1264 1839 1368 1912 Vete-

394 1977 451 2026 nes
474 1979 664 2052 omnesque
689 1952 911 2051 Theologos‚
937 1953 1077 2026 Christo
1101 1951 1234 2024 homini
1248 1953 1262 2042 ,'
1282 1974 1367 2022 cum

394 2059 509 2134 adhue
533 2065 628 2134 intra
652 2061 779 2134 cellam
803 2063 969 2158 gestantis
991 2059 1103 2132 'illum
1128 2062 1166 2131 in
1192 2072 1289 2130 utero
1315 2055 1375 2128 la-·

393 2185 479 2244 teret
490 2227 503 2260 ,
528 2197 549 2242 a
572 2173 689 2272 primo
714 2171 766 2243 sui
792 2186 981 2270 conceptus
1006 2171 1180 2261 instante,
1204 2169 1268 2240 etsi
1292 2187 1371 2240 non

393 2281 725 2376 comprehensivam,
749 2280 891 2380 plenam
907 2296 1025 2352 tamen
1042 2295 1079 2351 et
1102 2280 1297 2354 intuitivam
1319 2277 1367 2348 di·

393 2387 545 2461 vinitatis
568 2389 733 2460 insedisse
759 2391 919 2462 notitiam
945 2405 1004 2461 aut
1029 2391 1209 2463 visionem.
1229 2389 1306 2462 Non
1326 2387 1366 2458 id
1469 2443 1470 2454 ,

393 2510 521 2588 autem,
547 2496 672 2570 Suarez
698 2515 734 2570 et
758 2500 900 2575 Petavio
925 2499 1076 2598 consule,
1102 2499 1186 2573 lieet
1201 2501 1367 2573 contrari-

392 2629 455 2700 um
479 2605 524 2677 sit
547 2630 732 2680 erroneum
757 2625 817 2680 aut
842 2625 936 2682 certe
961 2611 1200 2702 temerarium,
1227 2609 1270 2682 de
1295 2607 1365 2681 fide

393 2713 606 2790 censendum
631 2733 695 2810 est,
711 2735 751 2790 ut
771 2709 913 2818 quidam
929 2719 1060 2810 volunt3
1079 2721 1159 2817 quia
1175 2720 1365 2818 Scripturae

395 2842 432 2898 et
455 2830 584 2921 Patres,
608 2843 843 2932 praeterquam
868 2829 1082 2927 Fulgentius,
1107 2827 1205 2900 aliter
1230 2825 1272 2899 ab
1293 2827 1366 2900 Au·
1443 2856 1468 2926 J

394 2939 574 3014 relianensi
598 2941 789 3038 Theologo,
815 2940 914 3013 aliter
931 2967 951 3011 a
968 2942 1199 3013 Thomussino
1217 2939 1366 3041 explica·
1467 2939 1468 2961 ¹

394 3065 463 3144 tur,
488 3051 531 3124 de
557 3051 697 3124 Christo
722 3077 790 3150 qua
814 3053 889 3124 Deo
914 3067 1061 3151 possunt
1085 3052 1223 3150 exponi.

444 3162 546 3234 Prob.
574 3163 628 3253 2⁰,
648 3162 763 3259 quoad
788 3164 967 3234 scientiam
993 3162 1153 3254 infusam,
1169 3188 1213 3232 ex
1238 3160 1365 3235 eodem
1466 3143 1467 3150 ἵ

327 3301 329 3306 ·
393 3269 436 3339 D.
461 3271 528 3341 Th.
553 3269 682 3342 ibidem
707 3287 770 3342 art.
797 3271 844 3354 3,
867 3271 927 3340 ubi
952 3273 1016 3342 ait:
1034 3274 1125 3344 sicut
1150 3273 1188 3341 in
1213 3271 1365 3366 Angelis

393 3379 589 3464 seeundum
622 3379 718 3474 Aug.
736 3383 886 3475 ¹ponitur
909 3379 1045 3476 duplex
1082 3383 1261 3478 cognitiO,
1286 3406 1366 3454 urta
1465 3363 1466 3446 ζ

393 3488 525 3560 scilieet
549 3490 751 3574 matutina,
769 3513 838 3584 per
861 3513 971 3586 qrtom
999 3504 1217 3585 cognoscunt
1243 3493 1363 3568 resin

396 3594 531 3684 Verbo;
556 3611 589 3668 et
613 3596 685 3668 alia
711 3599 915 3693 vespertina,
935 3621 1002 3694 per
1016 3623 1125 3694 quom
1142 3615 1363 3696 cognoscunt
1464 3687 1465 3700 ἵ

394 3733 446 3779 res
471 3709 673 3806 inproprie
699 3723 827 3779 notura
859 3733 925 3804 per
948 3710 1077 3806 speeies
1111 3709 1177 3782 sibi
1207 3711 1334 3784 inditas
1347 3739 1360 3780 .·
1464 3705 1465 3721 ³

393 3821 441 3888 ita
462 3830 590 3914 praeter
612 3819 794 3888 scientiam
820 3816 976 3888 divinam
993 3833 1026 3888 et
1042 3819 1236 3890 increatum
1252 3833 1302 3890 est
1319 3823 1359 3890 in

396 3926 532 4000 Christo
558 3926 754 3998 seeundum
778 3927 853 4021 ejus
878 3929 1039 3998 eitimam
1065 3929 1209 4000 seleutia
1233 3925 1360 4012 beatcz,
