2932 4970
405 542 451 618 70
543 585 544 590 ,
643 543 731 612 'un
757 564 791 613 vv
817 561 986 612 saurtoms
1011 564 1024 611 r
1050 547 1083 612 α’
1104 564 1117 611 ι

447 654 563 723 ntor.
586 653 624 721 11.
647 651 695 719 Ex
711 653 779 719 aliis
794 651 870 718 item
887 653 1062 739 prophetiis
1077 651 1247 734 asseritur,
1271 649 1389 740 adpro-

400 759 534 851 missum
557 753 743 822 adventasse
759 752 914 836 Messium
930 754 987 841 qui
1002 753 1134 842 quidem
1148 754 1241 822 Jesus
1257 765 1306 821 est
1328 755 1390 821 Na-

401 877 546 939 amoos,
569 867 606 923 ut
630 857 731 943 ipsius
754 855 887 924 historia
918 856 1095 944 persuadet

396 1091 399 1100 Δ
453 1001 737 1076 Demonstratur.
751 996 804 1069 Ac
821 1023 865 1068 ne
884 993 1013 1069 diutius
1029 1021 1158 1088 morer,
1176 1022 1284 1096 quam
1300 1013 1388 1072 tem·

402 1109 497 1209 potis
522 1106 834 1207 adjunctorumque
859 1121 1061 1179 nostrorum
1086 1107 1175 1179 ratio
1209 1108 1386 1208 patiatur,

380 1209 488 1291 ‘illud
513 1215 638 1307 obiter,
663 1215 819 1314 quamvis
844 1215 989 1313 insigne,
1015 1216 1110 1314 quod
1128 1232 1223 1290 extat
1240 1217 1327 1288 Dan.
1345 1221 1385 1308 9,

401 1327 580 1434 praemitto
607 1326 828 1416 vaticinium,
853 1325 990 1398 omissis
1015 1327 1074 1398 hic
1100 1325 1385 1398 contentionibus

380 1427 590 1527 ¹llarduini,
615 1436 747 1527 Lamii,
781 1436 1004 1508 Gravesonii:
1043 1437 1275 1534 Septuaginta
1301 1433 1381 1506 teb-

402 1545 570 1619 domodes
596 1543 821 1644 (annorum)
847 1545 1054 1619 abbreviatae
1080 1563 1233 1620 sunt...
1259 1560 1300 1618 ut
1325 1544 1382 1616 de·

382 1657 521 1729 ‘tootur-
545 1659 724 1756 iniquitas,
750 1671 784 1727 ct
816 1655 1018 1728 adducatur
1028 1658 1174 1753 justitia
1206 1657 1384 1752 sempiter-

404 1789 453 1836 no
467 1817 589 1836 ......
616 1782 650 1838 et
676 1782 761 1863 post
786 1763 1019 1837 hebdomades
1046 1769 1235 1862 sexaginta
1265 1761 1382 1848 duos,

403 1899 506 1976 supra
534 1875 615 1946 alias
642 1892 777 1974 septem
806 1873 849 1944 ab
867 1875 962 1946 urbis
984 1873 1223 1965 aedificatione,
1249 1873 1384 1948 occide·

345 2073 348 2083 1
404 2000 465 2053 tor
490 1981 650 2056 Christus
665 2035 674 2054 .
688 2035 719 2053 ..
746 2001 780 2055 et
805 1987 982 2056 civitatem
998 2001 1033 2056 et
1048 1987 1294 2056 sanctuarium
1316 1983 1383 2056 dis·

403 2094 529 2193 sipabit
551 2096 705 2192 populas
732 2121 814 2166 cum
846 2095 937 2167 duee
964 2111 1120 2168 venturo.
1154 2095 1243 2184 Quae
1269 2094 1381 2195 probe

403 2205 523 2275 lesum
550 2220 734 2302 spectare,
755 2206 796 2274 iu
824 2205 857 2274 S.
884 2205 1073 2303 Scripturas
1098 2201 1383 2304 praelectionibus

403 2339 447 2386 en
471 2314 626 2414 professo
654 2315 874 2388 doceminor:
902 2340 982 2385 sane
1009 2314 1155 2386 dubium
1174 2316 1250 2406 erit,
1267 2315 1384 2411 inquit

400 2413 439 2496 in
466 2410 738 2497 celebrationum
766 2452 871 2526 opere
889 2425 930 2498 de
947 2428 1058 2525 Rettg.
1080 2425 1206 2498 Christ
1225 2426 1383 2499 calvinia-

399 2523 470 2604 nus
495 2531 663 2624 Abbadie,
690 2561 733 2604 an
759 2537 930 2634 propheta
948 2537 984 2606 in
1001 2538 1042 2607 iis
1058 2535 1182 2607 Daniel
1208 2562 1307 2633 aeque
1325 2565 1382 2638 ap·

402 2643 522 2745 pellari
547 2645 656 2744 possit
681 2643 869 2718 historicus
881 2703 896 2735 ,
921 2673 960 2718 ac
993 2647 1131 2738 Livius,
1157 2649 1314 2720 Justinus
1345 2664 1383 2718 et

402 2752 576 2854 Polybius.

385 2925 386 2928 ,
452 2864 588 2939 Exinde
615 2881 743 2956 autem,
769 2881 898 2964 praeter
923 2863 1046 2964 Aggaei
1059 2919 1071 2951 ,
1097 2863 1275 2938 Malachiae
1305 2865 1383 2937 alio·

403 3002 555 3077 rumque
581 2977 645 3049 alia
671 2977 842 3070 vaticinia,
859 2978 1048 3074 sequentia,
1066 3003 1144 3074 quae
1161 2981 1269 3050 vitam
1287 2977 1384 3050 Chri·

402 3088 447 3159 sti
472 3089 675 3187 respiciunt,
701 3085 847 3158 adrem
873 3104 955 3158 sunt
980 3103 1016 3158 et
1041 3087 1214 3187 expedita,
1240 3104 1276 3159 et
1296 3089 1382 3160 sica

402 3199 540 3269 Justiuo
567 3198 722 3294 Martyre
747 3195 897 3295 Apolog.
922 3197 940 3266 Ι
965 3221 995 3268 c.
1022 3196 1062 3266 31
1092 3199 1295 3270 summatim
1324 3196 1383 3269 ad·

386 3307 538 3386 ⁴stricta:
568 3335 586 3375 n
605 3307 647 3378 In
673 3305 727 3376 his
752 3306 1008 3404 Prophetarum
1041 3304 1139 3378 libris
1173 3305 1383 3408 praenuutia-
1456 3387 1457 3392 γ

402 3435 478 3489 turn
504 3405 698 3516 repetimus
729 3415 910 3488 Christum
939 3433 1099 3491 nostrum
1134 3417 1383 3491 advenientem
1456 3395 1457 3466 l

401 3547 504 3628 atque
532 3555 576 3600 ex
600 3527 744 3626 Virgine
769 3543 983 3622 nascentem,
1009 3527 1054 3600 ad
1078 3546 1218 3602 aetatem
1246 3517 1388 3604 virilem·
1456 3595 1457 3618 ,

401 3640 681 3742 pervenientem,
706 3628 850 3714 morbos
875 3663 997 3710 omnes
1023 3653 1059 3710 et
1074 3638 1298 3738 aegritudines
1323 3665 1384 3714 cu·

401 3767 557 3843 rentem,
583 3765 619 3822 et
643 3765 803 3822 mortuos
827 3747 1004 3824 advitam
1029 3768 1251 3826 revocantem
1265 3778 1285 3844 ,‘
1299 3753 1382 3827 invi·
1456 3735 1457 3820 ζ

402 3887 492 3958 sum,
516 3862 718 3957 ignoratum
744 3874 780 3930 et
806 3861 1022 3953 crucifixum,
1039 3862 1248 3934 morientem
1267 3877 1303 3932 et
1328 3883 1381 3932 re·

392 3973 602 4074 ,surgentem
620 3997 659 4045 ac
676 3972 713 4044 iu
730 3969 838 4046 coelos
855 3971 1110 4072 ascendentem,
1128 3998 1281 4072 eumque
1303 3998 1380 4044 esse
