2908 4962
369 512 443 588 138
618 533 681 583 nn.
706 533 740 582 ιι
767 531 936 582 suerrorus
961 533 1000 582 ιιι
1027 533 1057 582 c.
1082 534 1103 580 ι.
1181 540 1184 546 ·

364 625 443 718 dus,
460 634 566 726 prout
581 620 729 721 exponit
743 619 870 692 Isaiam
890 619 1172 719 Chrysostomus.
1199 616 1269 692 Alii
1298 645 1351 691 re-

241 825 244 830 ,
367 731 556 837 spondent,
572 755 633 802 eos
650 729 757 802 etiarn
774 728 970 828 Scriptores
987 727 1031 800 de
1045 738 1206 828 ternpore
1219 727 1351 828 passio-

366 848 422 919 nis
437 844 602 942 loquutos
619 866 706 931 esse,
723 854 783 910 aut
800 837 843 910 de
863 838 987 910 humili
1005 838 1211 940 abjectione,
1238 865 1348 937 quam

367 954 530 1029 Christus
555 966 632 1024 toto
658 974 760 1022 cursu
787 948 869 1022 vita
894 974 970 1048 prae
995 974 1032 1019 se
1058 946 1147 1038 tulit·
1173 946 1230 1020 vel
1247 972 1353 1043 nega·

366 1091 406 1139 re
430 1063 509 1136 illos
534 1061 685 1134 formam
717 1058 788 1130 oris
821 1056 1032 1130 muliebrem
1067 1072 1104 1130 et
1132 1055 1349 1146 affectatam,

367 1201 440 1248 nou
467 1196 610 1272 gravem
636 1185 780 1241 etcum
805 1169 986 1267 majestate
1012 1167 1349 1266 conjunctamque}

367 1297 478 1358 terret
502 1281 653 1379 iniquos,
678 1302 827 1376 quaeque
853 1293 949 1348 tanta
967 1276 1064 1349 affuit
1081 1276 1117 1346 in
1135 1274 1290 1363 Christo,
1309 1289 1348 1345 ut

366 1416 550 1492 nunquam
577 1389 623 1479 bi,
648 1388 717 1460 nisi
742 1386 828 1458 dum
847 1390 940 1460 venit
956 1385 1045 1460 bora
1062 1409 1201 1472 eorum,
1222 1410 1349 1458 manns

366 1500 404 1572 in
429 1499 513 1574 lesu
538 1498 678 1596 injicere
704 1493 882 1568 auderent
908 1495 967 1570 Ad
994 1498 1066 1568 2³¹³.
1082 1495 1177 1570 Nihil
1197 1493 1348 1570 detrahi·

365 1627 425 1683 tur
449 1609 515 1682 Dei
541 1607 660 1708 gloriae
685 1622 721 1678 et
745 1606 985 1706 praedicationi
1010 1606 1243 1706 Evangelicoe‚
1269 1607 1350 1704 quia

365 1721 547 1794 Christum
563 1745 636 1794 non
653 1718 852 1819 speciosum
876 1721 1135 1812 annuntiamus,
1152 1717 1215 1794 sed
1241 1718 1350 1790 cruci·

364 1835 485 1926 fixum3
511 1829 671 1931 quamvis
696 1856 780 1902 eum
805 1828 904 1902 adse
922 1831 1065 1904 traxisse
1084 1831 1285 1930 complures
1298 1831 1349 1928 ju·

367 1942 581 2015 cundissimo
607 1955 761 2041 aspectu,
779 1955 815 2012 et
830 1939 1028 2014 Bernartius
1046 1939 1199 2014 scribant
1216 1955 1253 2012 et
1269 1929 1351 2010 Hie·

364 2077 546 2154 ronymus,
564 2053 624 2152 qui
650 2077 714 2124 suo
738 2049 873 2126 calculo
897 2068 1028 2126 nostrae
1044 2051 1262 2126 velificantur
1279 2051 1350 2150 opi·

364 2165 472 2237 nioni.

412 2277 580 2350 Jamvem
607 2273 753 2348 tandem
776 2277 972 2376 permirum
997 2278 1084 2349 mihi
1114 2274 1249 2349 accidat
1283 2273 1348 2347 dis

338 2387 504 2487 'putanti
529 2383 573 2456 de
599 2387 750 2456 bumana
777 2413 795 2457 a
821 2387 898 2460 Deo
923 2404 1102 2486 assumpta
1134 2402 1268 2477 natura,
1303 2384 1347 2456 de

363 2511 612 2596 assumptaque
638 2497 785 2596 spiritali
811 2498 927 2573 anima
951 2524 1037 2574 mox
1065 2502 1101 2573 in
1133 2487 1264 2600 specie'
1283 2496 1350 2570 dis·

361 2620 539 2710 putatur03
566 2605 596 2676 si
622 2621 694 2679 tuae
707 2605 972 2708 ‘compendium
997 2635 1116 2710 operae
1142 2634 1215 2680 non
1231 2622 1347 2706 putes,

362 2716 414 2789 mi
431 2715 569 2814 auditor
586 2743 627 2788 ac
644 2717 723 2810 tiro,
740 2719 819 2810 hoc,
836 2717 932 2817 quod
948 2717 1014 2790 tibi
1038 2721 1165 2791 harum
1189 2715 1287 2791 velut
1310 2716 1350 2788 in

270 2831 272 2836 ’
362 2827 480 2902 medio
506 2855 625 2902 rerum
650 2828 813 2923 obtrudo,
839 2830 1091 2932 compendium
1108 2829 1349 2904 adsertionum

347 2939 446 3034 fidei
471 2938 715 3040 quarumdam,
740 2955 863 3041 utpote
889 2941 1075 3041 sejunctim
1087 2941 1148 3016 bic
1165 2953 1202 3012 et
1226 2933 1350 3012 articu-

365 3048 435 3123 late
461 3054 681 3125 enitentium.
707 3053 831 3127 Divina
856 3079 986 3152 nempe
1012 3051 1082 3124 fide
1108 3068 1361 3126 teneamus*

368 3159 406 3229 t⁰
431 3159 590 3232 Verbum
615 3159 680 3232 sibi
706 3160 917 3234 coadunasse
943 3163 980 3233 in
1005 3160 1203 3263 hypostasis
1230 3159 1361 3232 unita·

383 3320 385 3330 J
443 3284 528 3364 tem,
554 3274 798 3368 impermixta,
827 3291 1000 3346 naturam·
1018 3275 1238 3365 humanam,
1256 3297 1350 3344 eam·

443 3407 513 3478 que
539 3406 659 3454 veram
686 3384 986 3484 essentialiterque
1012 3382 1224 3486 perfectam}

364 3489 414 3564 11⁰
441 3517 565 3564 verum
591 3491 739 3592 proinde
756 3493 979 3594 solidumque
996 3523 1125 3597 corpus
1150 3494 1350 3594 assumpsis

438 3624 487 3691 se,
511 3625 665 3698 prorsus,
684 3601 801 3700 quoad
818 3602 1059 3697 substantiam,
1086 3603 1241 3705 ejusdem
1268 3627 1348 3674 cunr
1417 3636 1420 3648 ·

438 3723 560 3781 nostro
585 3710 728 3782 rationis
753 3728 790 3784 et
815 3715 984 3806 materiae3
1021 3714 1194 3812 simulque
1229 3735 1348 3790 veram
1374 3757 1376 3768 ι

440 3818 806 3922 auimam‚ipsamque
832 3824 1038 3899 rationalem
1065 3851 1107 3899 ac
1133 3821 1277 3926 propria
1295 3844 1356 3894 vov

440 3928 574 4004 luntate
600 3933 783 4034 praeditam
801 3961 810 4026 ;
1157 3931 1158 3935 ’
