2942 4962
251 537 293 584 oe
319 535 448 584 cumsrr
474 535 621 583 scarnen
646 531 687 580 or
715 533 913 582 saucrrrarc
1008 507 1079 582 lllb‘

97 633 184 717 gunt
208 645 266 692 mc
290 618 333 692 de
354 619 533 716 peccato?
559 619 712 692 amoveri
738 617 781 688 ab
809 618 953 710 eodem,
980 611 1075 718 quip-

101 759 145 832 pe
171 734 233 830 qni
257 757 331 804 non
358 746 502 802 noverat
519 745 723 828 peccatum,
753 733 773 800 2
802 731 882 802 Cor.
909 729 942 818 5,
968 756 1072 802 ortaria

102 843 158 918 vel
183 843 397 919 levissimum
424 859 609 944 peccatum
635 842 778 913 actuale.
805 843 882 914 lloc
907 839 1029 913 itidem
1056 869 1075 912 a

102 955 243 1028 Christo
278 981 345 1024 una
376 979 459 1025 cum
494 951 650 1050 originali
684 951 856 1051 permulta
892 950 955 1021 alia
992 951 1078 1022 Scri·

101 1079 215 1162 pturae
242 1063 470 1159 ormriumque
494 1064 639 1133 Patrum
658 1060 750 1132 dicta
769 1059 984 1160 propulsant.
1008 1055 1078 1132 Cir·

12 1233 13 1254 2
102 1196 144 1242 ca
171 1171 231 1244 2⁸¹²
256 1186 393 1270 partem
418 1196 512 1260 vero,
538 1197 615 1266 quae
636 1171 735 1269 juxta
752 1170 881 1242 realem
898 1186 1026 1242 statum
1044 1170 1079 1240 iu

13 1336 14 1373 p
104 1278 245 1351 Christo
271 1278 410 1352 visionis
435 1277 605 1350 beatificae
626 1293 662 1348 et
687 1280 916 1378 hypostaticae
943 1279 1078 1350 untionis

13 1380 14 1466 l
108 1401 163 1458 est
187 1386 273 1474 item
299 1384 344 1458 de
370 1385 450 1478 fide,
475 1387 517 1456 iis
543 1385 674 1458 eisdem
700 1390 910 1459 testimoniis
937 1389 1079 1479 eruitur,

13 1512 17 1603 J.
96 1499 211 1571 etiarn
236 1514 343 1598 prout
368 1499 547 1570 hominem
573 1499 677 1570 luisse
702 1499 1000 1598 impeccabilitatis
1018 1503 1083 1601 pri·

13 1612 14 1623 ’
103 1606 231 1705 vilegio
256 1606 495 1680 cumulatum:
522 1607 692 1706 quidquid
709 1609 803 1678 eelim
820 1609 927 1706 Virgo
950 1613 1081 1708 genuit,

102 1716 268 1815 singulari
293 1716 400 1790 niodo
418 1716 544 1789 dicitur
563 1717 739 1790 Sartctttm
756 1733 792 1788 et
811 1735 1021 1816 conceptum
1036 1719 1079 1792 de

103 1827 165 1925 Sp.
192 1825 340 1898 Sancto..
358 1827 419 1919 Ait
445 1843 562 1898 autem
588 1825 797 1926 Apostolus:
825 1825 904 1897 talis
925 1825 1080 1912 decebat,

102 1947 145 2004 ut
169 1931 272 2009 nobis
288 1949 374 2007 esset
393 1935 567 2028 Pontffcx
584 1952 741 2022 soractae,
759 1939 942 2022 innocens,
959 1937 1083 2033 impol-

104 2045 217 2133 lutus,
242 2061 441 2142 segregatus
465 2071 488 2116 a
506 2046 772 2143 peccatoribus·
790 2071 896 2145 quem
913 2045 993 2118 ideo
1012 2049 1087 2118 Au.

103 2157 266 2254 gustinus
290 2157 635 2231 incontaminabilem
662 2160 885 2232 Sacerdotem
912 2158 1082 2258 appellat,

103 2269 142 2336 in
168 2267 287 2362 cujus,
313 2267 437 2365 inquit,
463 2293 536 2339 non
563 2283 704 2340 tantum
722 2266 991 2354 divinitatem!
1014 2267 1122 2338 κόψ’

102 2378 141 2448 in
167 2380 291 2449 anima
316 2402 383 2451 nec
409 2381 447 2450 in
464 2403 572 2453 cartae
589 2380 707 2452 nllnm
725 2381 846 2478 potnit
863 2402 934 2450 csse
955 2401 1081 2474 pecca·

102 2503 192 2560 tum.
217 2490 374 2588 Namque
400 2507 491 2582 essct
516 2491 719 2564 indecorum
738 2506 773 2562 et
790 2489 950 2589 impium,
967 2488 1007 2582 si,
1032 2516 1082 2562 re·

102 2593 236 2686 bellans
260 2600 297 2670 in
324 2600 477 2700 seipsum
503 2599 636 2698 sibique
655 2627 718 2700 per
735 2617 918 2700 peccatum
940 2598 1093 2700 odiosus¹

103 2707 253 2784 evadens
279 2711 437 2782 Christus
462 2712 525 2782 Dei
552 2712 671 2802 Filius,
690 2710 732 2782 de
759 2736 831 2808 quo
850 2709 1080 2780 enuncientur

101 2842 210 2917 opera
234 2820 395 2892 humanae
420 2835 554 2890 naturae
581 2819 742 2919 propria,
766 2831 907 2917 posset,
932 2815 984 2886 uti
1008 2841 1082 2914 pas·

102 2951 162 2998 sus
187 2943 222 2998 et
248 2929 440 3021 crucifixus,
464 2929 511 2999 ita
542 2927 611 2999 dici
636 2951 783 3028 peccans
810 2940 846 2996 et
872 2920 1079 3017 sceleratus,

102 3039 285 3138 poenisque
311 3040 531 3139 sempiternis
557 3038 738 3111 obnoxius.

152 3148 255 3223 Prob.
281 3176 361 3250 pars
386 3151 508 3222 ultima
534 3150 686 3224 conclus.
722 3174 804 3222 curn
829 3146 1018 3220 Thonaistis
1043 3161 1080 3216 et

103 3261 176 3335 aliis
200 3249 483 3336 communissime
501 3279 623 3374 contra
642 3261 815 3334 Scotistas.
839 3259 944 3331 Lucae
972 3258 986 3328 l
1020 3257 1079 3328 ha·

102 3369 213 3444 betun
232 3373 292 3470 Sp.
320 3373 474 3446 Sancttts
490 3373 706 3470 superveniet
723 3372 760 3440 in
779 3384 824 3456 te,
841 3381 875 3439 et
892 3367 998 3438 victus
1016 3365 1078 3437 At-

104 3484 231 3556 tissimi
254 3481 478 3554 obumbrabit
503 3481 587 3570 tibi,
613 3479 758 3577 ideoque
783 3494 817 3550 et
841 3473 936 3574 quod
960 3499 1077 3546 reasce-

103 3608 163 3664 tur
186 3609 274 3686 etc.;
300 3620 344 3666 ex
361 3619 431 3691 quo
447 3608 554 3692 patet,
572 3589 668 3690 quod
686 3591 844 3662 Christus
860 3589 970 3678 lesuS,
992 3585 1079 3656 sicut

103 3701 138 3774 vi
163 3703 307 3800 prt'ecise
334 3703 469 3774 unionis
494 3715 633 3772 sanctus
650 3713 704 3769 est
720 3699 906 3768 sanctitate
926 3692 1080 3766 substan·

104 3809 188 3904 ciali,
213 3813 261 3884 ita
288 3815 429 3913 praecise
455 3813 490 3886 vi
515 3811 652 3882 unionis
678 3807 906 3908 hypostaticae
933 3806 977 3878 sit
993 3803 1080 3875 adeo
1162 3823 1165 3828 ’

105 3921 349 4022 impeccabilis,
376 3939 415 3996 ut
439 3921 494 3996 vel
520 3919 694 3992 levissimo
712 3932 857 4019 peccato
874 3942 939 3990 nec
956 3915 1000 3986 de
1017 3939 1078 4014 pa·
