2908 4962
375 461 445 534 tlt
620 482 683 528 ιιι.
707 459 746 528 iv.
771 481 938 530 sserronrs
963 481 1000 528 ιιι
1026 484 1055 530 c.
1081 484 1105 530 ιι

370 588 406 644 te
430 583 577 658 naturae,
600 566 804 664 neutiquam
830 591 921 638 vero,
938 564 983 638 ab
1009 567 1140 655 unitate
1156 567 1212 642 vel
1240 569 1355 643 multi·

369 679 525 781 plicitate
550 701 720 777 personoe.
745 677 788 746 In
813 677 888 748 Deo
913 677 1020 768 enirn,
1037 678 1116 775 quia
1134 705 1224 750 unus
1246 697 1300 753 est
1315 684 1360 754 in.

370 806 503 880 natura,
529 788 594 860 etsi
618 787 731 858 trinus
756 787 794 856 in
818 788 988 886 personis,
1013 815 1082 860 una
1107 792 1216 864 trium
1233 819 1354 893 perso-

301 933 304 940 *
369 927 496 974 narum
516 900 627 974 virtus
644 913 708 989 est,
723 923 792 970 una
808 896 968 972 voluntas
985 915 1022 972 et
1038 903 1205 1000 operatio.
1222 903 1356 986 Itidem

371 1039 462 1116 puro
487 1012 524 1084 in
548 1009 702 1098 homine,
728 1009 886 1106 quamvis
910 1011 943 1080 ei
968 1011 1051 1082 insit
1075 1038 1224 1111 persona
1241 1017 1357 1110 unica,

371 1124 452 1222 quia
477 1137 596 1194 tamen
621 1118 720 1219 plura
738 1117 866 1190 adsunt
881 1119 1049 1192 naturalia
1066 1123 1255 1224 principia,
1279 1117 1357 1226 plu·

371 1260 427 1306 res
461 1233 614 1305 existunt
638 1246 676 1304 et
699 1231 874 1331 appetitus
904 1247 940 1302 et
973 1233 1216 1332 operationes:
1241 1238 1355 1312 etsie

371 1333 566 1419 secundum
582 1341 788 1415 rationalem
804 1357 942 1442 partern
959 1343 1046 1436 vult,
1062 1344 1256 1420 secundum
1279 1375 1355 1420 sen·

372 1461 510 1532 sitivam
534 1455 691 1526 irascitur
716 1469 819 1553 atque
845 1456 1071 1554 concupiscit,
1098 1473 1135 1528 et
1159 1458 1209 1530 sic
1233 1477 1356 1558 mente

371 1563 611 1670 apprehendit,
634 1563 752 1662 lingua
776 1563 944 1662 loquitur,
969 1566 1128 1638 cruribus
1143 1567 1285 1641 incedit
1300 1571 1356 1642 Li·

372 1694 430 1750 cet
454 1700 536 1774 ergo
562 1700 630 1745 una
651 1673 697 1744 sit
714 1673 844 1745 Christi
861 1699 1021 1772 persona,
1038 1701 1121 1747 cum
1138 1691 1257 1750 tamen
1274 1677 1356 1752 duae

371 1786 442 1858 sint
466 1786 503 1855 in
521 1808 570 1855 ,eo
595 1797 741 1876 naturae,
767 1783 834 1855 erit
858 1781 916 1854 ille
942 1783 1085 1882 quidem
1116 1813 1206 1858 unus
1231 1786 1353 1861 voleus

375 1921 416 1968 ac
440 1919 531 1968 unns
556 1917 716 1993 operans,
741 1917 864 1965 verum
889 1891 1023 1964 duae-in
1041 1893 1165 1968 eodem
1192 1897 1355 1972 essentia-

372 2001 424 2078 les
448 2005 665 2096 voluntates,
691 2001 770 2074 duae
796 2005 987 2103 respective
1012 2021 1140 2097 eruut,
1165 2004 1293 2082 divinae
1318 2023 1357 2080 et

374 2121 538 2190 humanae
563 2132 707 2206 naturae,
732 2119 961 2215 operationes.

421 2225 476 2299 Nil
500 2226 608 2322 igitur
632 2223 856 2298 firmitudinis
873 2225 970 2298 addit
986 2242 1192 2325 argumento
1203 2224 1304 2316 ⁴illud
1321 2253 1356 2298 a·

373 2338 499 2409 xiorna.
516 2336 606 2407 Nam
630 2335 774 2432 praeeise
801 2334 865 2405 sihi
890 2335 1055 2426 vindicat,
1080 2337 1234 2408 actiones
1259 2362 1358 2428 esse,
1448 2393 1449 2396 ,

373 2471 452 2520 non.
470 2444 629 2534 elicitive,
645 2441 707 2514 sed
724 2441 981 2516 denominative
998 2469 1240 2544 personarum,
1264 2443 1358 2516 idest

374 2572 536 2656 agentem
563 2581 606 2626 ex
631 2553 825 2626 actionibus
848 2551 1075 2645 denominari,
1093 2581 1220 2652 easque
1238 2582 1297 2626 seu
1312 2557 1357 2628 in

372 2667 513 2739 laudeni
538 2690 599 2736 seu
623 2663 662 2734 in
686 2663 899 2762 vituperiunsl
924 2664 1082 2762 personis
1099 2662 1253 2754 attribui,
1275 2689 1356 2760 qua·

373 2807 453 2854 rum
478 2794 560 2850 sunt
584 2789 717 2848 naturae
742 2767 893 2873 agentes}
913 2801 990 2873 quae
1009 2791 1143 2848 naturae
1168 2775 1252 2848 solae
1279 2803 1356 2875 pro

373 2893 465 2992 prias
490 2890 643 2961 actiones
669 2900 827 2976 exerunt,
853 2883 900 2956 et'
914 2900 995 2958 sunt
1019 2885 1231 2984 principium
1256 2910 1325 2980 quo
1341 2941 1356 2972 ,
1449 2935 1450 2944 ι

373 3017 414 3072 ut
438 3015 576 3089 vocant,
601 2997 800 3068 elicitivunr.
818 2995 895 3068 Hoc
910 3019 1016 3093 porro
1035 3020 1116 3064 curn
1135 2993 1180 3067 sit
1200 2995 1237 3064 in
1256 2993 1357 3064 Chri·

374 3127 428 3183 sto
449 3109 629 3198 ¹diversum
654 3133 719 3205 pro
745 3104 940 3177 diversitate
966 3119 1179 3195 natura1·unr;
1203 3103 1351 3184 diuersae

375 3221 413 3291 in
439 3221 579 3291 Christo
604 3213 778 3287 naturales
804 3213 1023 3312 operationes
1049 3211 1288 3284 adcensentur.

426 3325 601 3424 Objiciunt
636 3326 669 3400 2.
702 3323 838 3394 Auctor
872 3321 916 3392 de
941 3322 1067 3394 divinis
1100 3319 1355 3407 Nominibus,

377 3428 483 3533 vulgo
513 3434 665 3530 Dionys.
699 3431 911 3530 Areopagita
923 3487 933 3523 ,
951 3430 1133 3523 tradidit,
1161 3456 1276 3518 unam
1304 3455 1356 3502 es·

375 3571 411 3618 se
437 3549 475 3615 in
504 3541 640 3615 Christo
667 3539 912 3614 dreandrieam
946 3547 1208 3639 operationem
1234 3543 1270 3613 in
1296 3567 1354 3614 eo·

375 3679 443 3750 que
464 3677 537 3722 esse
554 3676 666 3720 unam
683 3651 876 3748 quomdam
893 3667 1082 3748 cognatam
1098 3654 1352 3750 operationem,

376 3762 494 3833 docuit
524 3758 674 3859 Cyrillus
707 3758 765 3830 lib.
801 3763 823 3830 4
857 3761 893 3832 in
926 3761 1116 3832 Joannern:
1142 3786 1234 3858 ¹ergo
1270 3774 1362 3829 etc.»
