2932 4970
402 495 453 571 66
659 515 724 562 an.
748 515 784 566 tv
811 510 981 562 sucnosrs
1009 518 1023 574 ιΙ
1048 513 1077 562 c.
1103 517 1116 562 r

404 608 502 680 adest
526 620 646 677 tamen
671 598 887 672 habitudinis
912 614 973 670 aut
998 599 1195 700 capacitatis
1220 599 1387 674 unionis:

407 735 578 819 quatenus
594 729 716 786 natura
731 713 884 783 humana
901 727 955 782 est
971 709 1207 810 perfectibilis,
1223 710 1388 785 Verbum

401 857 486 906 vero
511 827 644 900 infinite
670 826 917 926 perl'ectivum3
935 823 1165 922 quamobrem
1182 822 1389 896 substantia-

399 939 481 1012 liter
513 937 699 1008 uniuntur:
726 937 812 1033 quin
845 933 1001 1026 idcirco,
1028 935 1092 1005 etsi
1118 959 1236 1006 unum
1253 959 1323 1033 per
1346 963 1388 1010 se

405 1048 621 1123 constituant
645 1045 682 1114 in
708 1067 783 1115 esse
809 1043 992 1143 suppositi,
1017 1039 1103 1112 illud
1127 1068 1237 1112 unum
1259 1046 1387 1115 consti-

401 1171 503 1230 tuant
520 1181 585 1255 per
601 1154 892 1252 compositionem
911 1151 1105 1242 formalem,
1118 1151 1282 1248 quianon
1300 1169 1387 1223 sunt

400 1279 516 1367 partes
548 1263 689 1363 proprie
723 1261 849 1353 dictae,
875 1287 953 1358 quse
978 1286 1014 1331 se
1039 1277 1164 1332 mutuo
1189 1261 1387 1359 perficiant.

402 1374 470 1445 Est
493 1395 645 1467 namque
669 1368 827 1442 Verbum
852 1371 986 1441 ratione
1012 1385 1143 1440 naturae
1166 1393 1206 1440 ac
1222 1393 1386 1466 personae

400 1479 535 1552 infinite
548 1477 775 1577 completum,
788 1477 964 1578 completa
977 1478 1172 1548 humanitas
1189 1503 1260 1548 suae
1278 1479 1385 1550 ratio-
1461 1465 1462 1472 ἵ

369 1605 372 1610 ’
401 1617 447 1663 ne
463 1605 605 1662 naturae.
622 1591 678 1661 Ex
703 1595 773 1687 q'uo
792 1615 874 1663 cave
899 1606 1013 1688 putes,
1031 1590 1209 1661 Christum
1236 1614 1309 1660 esse
1328 1615 1386 1687 ag·

403 1714 584 1798 gregatum
601 1723 665 1798 per
682 1698 853 1790 accidens,
866 1701 962 1798 cujus
981 1699 1115 1796 generis
1128 1714 1181 1768 est
1197 1699 1385 1790 exercitus;
1461 1733 1462 1796 j

402 1811 472 1882 hoc
498 1811 593 1881 enim
617 1809 773 1909 partibus
800 1826 837 1881 et
861 1811 994 1881 ratione
1021 1826 1153 1881 naturae
1179 1825 1215 1880 ct
1248 1809 1386 1880 ratione

402 1923 574 2021 suppositi
590 1922 734 2019 integris
759 1919 992 2021 perfectisque
1018 1937 1316 2019 coagmentantur.
1335 1921 1386 1992 At

404 2030 460 2102 his
484 2031 523 2101 in
549 2027 685 2101 duobus
711 2029 880 2101 doctrinae
907 2031 1129 2130 paragraphis
1154 2029 1318 2122 multum,
1345 2057 1387 2101 ac

404 2139 494 2212 forte
515 2141 675 2232 nimium,
691 2139 911 2213 Ludovicum
929 2140 1035 2212 habes
1051 2139 1258 2233 Le-Grand,
1275 2168 1387 2238 quem

405 2247 508 2320 adisis
532 2249 624 2320 inter
648 2249 817 2346 reliquos:
843 2277 908 2322 nos
926 2249 989 2320 alia
1016 2251 1081 2324 alio
1109 2249 1308 2322 differimus.

457 2398 509 2412 --
534 2358 623 2446 Quae
650 2383 732 2432 cum
756 2360 805 2429 ita
830 2361 909 2452 sint,
931 2376 970 2431 et
996 2377 1192 2462 opportuna
1218 2360 1263 2431 ad
1279 2364 1389 2460 possi·

404 2467 576 2542 bilitatcm
594 2470 751 2568 Mysterii
776 2469 876 2570 hujus
897 2473 1114 2545 sacratissimi
1131 2471 1387 2565 vindicandam;

406 2585 475 2656 hoc
499 2581 589 2674 loce,
615 2581 710 2680 quod
734 2582 882 2683 polliciti
907 2611 1038 2676 sumus,
1063 2585 1199 2658 oracula
1217 2583 1259 2656 de
1286 2585 1388 2656 chria

406 2711 461 2767 sto
478 2695 681 2794 prophetica
697 2693 893 2767 describere
911 2695 1144 2794 aggredimur,
1161 2696 1274 2794 queis,
1295 2696 1388 2768 Mes·

407 2803 493 2876 siam
506 2801 696 2895 advenisse,
714 2801 984 2876 demonstratur.
1001 2805 1122 2900 Itaque
1141 2801 1276 2884 adrem
1293 2803 1389 2874 hanc

406 2915 665 3014 aggredientes,
690 2915 781 2988 inter
806 2916 990 2987 innumera
1016 2915 1216 2988 Jacobaeum
1232 2913 1317 2985 illud
1334 2939 1387 2986 ce·

405 3022 633 3098 leberrimum
666 3023 892 3123 inpraesenti
926 3023 1113 3122 seligimus.
1142 3022 1251 3096 Jacob
1276 3024 1387 3121 igitur

408 3136 516 3207 morti
540 3136 732 3234 proximus,
756 3134 835 3206 filiis
861 3136 932 3206 suis
949 3159 988 3204 ea
1005 3134 1172 3233 pandens,
1193 3161 1271 3231 quae
1295 3135 1388 3234 ipso-

408 3271 488 3316 rum
513 3245 661 3343 posteris
686 3261 853 3317 eventura
879 3261 978 3316 erant
990 3301 1000 3337 ,
1025 3247 1100 3319 haec
1126 3245 1169 3318 de
1194 3245 1265 3318 filio
1294 3245 1388 3317 Juda

409 3357 445 3427 in
471 3355 593 3455 spiritu
619 3356 820 3454 praecinuit:
846 3357 935 3428 Non
952 3355 1135 3449 uttfieretur
1149 3373 1325 3455 sceptrum
1342 3357 1389 3429 de

409 3467 521 3552 Judu,
545 3482 579 3538 et
595 3469 690 3538 Dux
706 3467 748 3539 de
761 3465 908 3564 femore
925 3471 1016 3566 ejus,
1040 3469 1152 3542 donec
1178 3471 1306 3556 veniat,
1322 3471 1390 3566 qni
1458 3497 1459 3520 ³

411 3574 605 3647 Mittendus
630 3591 694 3664 est,
719 3590 753 3647 et
778 3579 849 3673 urse
875 3580 940 3648 erit
964 3581 1163 3675 expectatio
1191 3578 1388 3665 Gentium,

409 3689 586 3761 Geneseos
613 3688 671 3758 49.
696 3688 749 3776 De
775 3715 846 3786 quo
873 3688 1056 3790 splendido
1086 3690 1326 3791 imprimisac
1350 3687 1391 3759 il·

409 3797 508 3870 lustri
542 3799 707 3873 vaticinio
737 3802 891 3902 pretium
917 3819 970 3875 est
998 3803 1137 3904 operis,
1164 3817 1203 3874 ut
1235 3827 1388 3900 sequens
1457 3893 1458 3914 Χ

409 3925 579 3984 statuatur
