2942 4962
258 505 300 554 ne
318 503 425 553 curru
440 501 572 553 oanrsrr
590 503 633 553 ar
651 503 719 572 ss,
735 503 843 567 antro.
861 505 904 552 ar
921 483 996 580 nu}
1034 481 1105 559 213

133 595 259 678 rimus,
283 589 332 662 ub
358 589 576 688 m'ultijugam
595 615 676 662 saue
693 590 883 689 spiritalem
910 577 1104 666 utilitatem:

130 721 240 797 quam
273 696 385 798 probe
419 712 592 772 testantur
625 696 837 770 admirandis
870 696 1105 798 prodigiisque

130 809 291 909 plurimis
316 809 426 880 saneti
451 809 526 880 Viri
551 808 669 910 plures
688 807 788 910 ,apud
814 811 1044 888 Gretserum„
1069 878 1072 887 ,

182 919 214 1013 ς.
239 913 272 988 7.
299 917 417 1016 Spiuae
450 916 573 989 itidem
606 916 740 1015 aliaque
772 916 928 1017 praesuta¹
950 930 1032 990 suut
1061 913 1105 986 de

133 1025 201 1099 fide
227 1027 324 1100 cultu
350 1025 493 1116 colenda
520 1025 691 1125 religiosa
719 1053 824 1123 quem
842 1026 1025 1107 relativum
1041 1027 1104 1104 uti·

11 1147 12 1170 ¹
128 1165 222 1235 que,
248 1137 328 1230 sed,
353 1138 400 1211 oh
424 1139 535 1238 ipsam
562 1137 807 1212 tantummodo
833 1139 1036 1216 relationem
1061 1135 1106 1218 td

133 1252 338 1341 Christum,
362 1249 584 1324 latreuticum
617 1249 761 1322 habeas.
785 1251 837 1322 Ita
863 1250 1105 1348 Damasconus.

134 1357 332 1431 Tridentini
357 1384 441 1431 vero
466 1359 531 1430 PP.
558 1359 607 1430 sic
620 1384 628 1429 :
643 1361 763 1456 juxta
779 1356 964 1432 catholicoe
981 1374 1014 1434 et
1029 1382 1106 1454 upo-

132 1470 265 1544 stulicre
281 1471 449 1544 Ecclesiae
467 1489 574 1542 usum
590 1497 611 1542 a
630 1472 810 1568 primoevis
827 1468 1028 1542 christianae
1044 1470 1106 1542 Re·

24 1606 27 1612 ¹
133 1579 274 1674 ligionis
291 1577 504 1676 temporibus
522 1594 677 1676 receptus
694 1595 745 1653 est
760 1578 1009 1676 hrtJ'usoemodi
1032 1575 1106 1677 cul·

133 1705 201 1762 tus.-
216 1687 318 1761 Adde
335 1689 533 1762 remotioris
549 1691 728 1764 memoriae
745 1688 910 1781 Concilio,
927 1691 1105 1786 Gangren-

132 1825 170 1872 se
187 1815 224 1872 et
240 1801 521 1897 carthaginense
538 1802 700 1898 quintum
717 1803 967 1899 Nicaenumque
984 1824 1105 1882 secun·

131 1910 228 1984 dum.
253 1911 354 1986 Ratio
380 1937 519 2009 quoque
545 1939 588 1984 ex
613 1913 722 2012 ipsius
738 1913 788 1986 rei
804 1927 926 1984 natura
951 1909 1102 1995 maxime

130 2018 291 2118 refulget.
453 2063 455 2066 ·
520 2086 526 2096 .
739 2091 742 2096 .
776 2089 778 2096 .
1024 2083 1048 2110 -,

181 2131 269 2204 Nam
294 2133 427 2208 merito.
448 2148 485 2204 et
508 2131 668 2206 divorum
693 2134 854 2232 reliquias
871 2136 906 2226 ii,
921 2135 981 2232 qui
997 2132 1104 2204 fidem

127 2242 199 2314 liae
223 2241 266 2313 de
291 2268 329 2314 re
355 2242 508 2317 divinam
534 2270 605 2317 non
622 2246 799 2345 projecere
816 2273 898 2318 cunr
915 2245 1106 2334 Horatius,

130 2351 192 2449 pio
217 2349 447 2451 religiosoque
472 2353 568 2426 cultu
595 2370 794 2426 constanter
820 2353 975 2426 venerati
1000 2366 1103 2436 sunt:

129 2485 175 2532 eo
200 2460 332 2534 scilicet
356 2459 481 2534 iisdem
507 2479 719 2564 opportuno,
744 2465 804 2562 qui
830 2463 932 2538 dulioe
956 2479 1104 2550 tanturn

131 2587 186 2644 est
209 2597 259 2644 ac·
274 2575 502 2672 respectivus3
521 2575 587 2650 nisi
605 2577 697 2675 ipsas
714 2602 795 2648 curn
812 2577 970 2677 personis
990 2571 1106 2662 simul,

66 2757 70 2766 ,
130 2703 279 2780 quarum
305 2702 387 2756 sunt
412 2687 546 2758 exuviae
572 2711 613 2758 ac
629 2686 798 2785 reliquiae,
813 2687 909 2766 velut
925 2712 1036 2766 unuin
1058 2699 1105 2762 to

131 2791 200 2864 ute
225 2792 402 2892 objectum
422 2792 546 2866 uadem
560 2792 717 2866 absoluta
735 2792 1105 2876 adoratione-reverea-

130 2903 189 2974 ris.
213 2903 266 2975 De
284 2903 376 2977 laeto
393 2906 577 2979 honoravit
601 2904 740 3004 Moyses
765 2931 845 2978 ossa
865 2904 1009 3002 loseph,
1025 2927 1104 2999 quae

130 3011 212 3083 tutu
236 3035 359 3086 sectura
369 3068 384 3102 ,
409 3013 524 3086 Exodi
551 3012 622 3105 13,
647 3039 730 3088 cum
762 3012 893 3114 populo
922 3009 1104 3110 egrediens

131 3134 176 3194 ex
200 3123 363 3224 Egypto:
391 3141 428 3196 et
451 3123 558 3198 Eoeli.
592 3127 641 3201 48
671 3140 854 3200 moratum
882 3120 1104 3222 prophetarit

123 3251 258 3333 ,eonius
283 3231 405 3318 Elisei,
430 3231 520 3304 idest
545 3234 603 3308 hic
628 3235 667 3305 in
692 3249 804 3306 morte
829 3229 1008 3306 mimdilin
1026 3253 1104 3326 ope·

124 3353 229 3414 -mau
243 3355 317 3428 est,
342 3367 453 3438 quum
478 3340 625 3416 cadaver
648 3342 686 3416 in
711 3343 785 3442 ejus
809 3339 968 3443 sepulcro
996 3340 1105 3440 proje-

6 3483 7 3510 1
129 3466 229 3524 etum
252 3477 298 3524 ex
323 3452 347 3526 ⁴l
373 3454 457 3552 Reg.
486 3453 541 3530 13,
559 3457 688 3529 revixit
712 3470 747 3526 et
770 3457 861 3532 stetit
875 3475 981 3563 super
996 3451 1104 3552 pates

130 3585 227 3648 suos,
252 3562 311 3634 vix
337 3561 423 3634 dum
447 3562 534 3634 illud
560 3565 676 3663 tetigit
700 3590 776 3637 ossa
801 3565 983 3667 prophatae
995 3617 1006 3653 ,
1031 3562 1104 3662 qui·

131 3671 196 3746 bus
220 3674 299 3748 ideo
326 3675 491 3750 divinitus
517 3678 693 3750 veneratio
718 3677 898 3754 conciliata
916 3676 991 3768 luit.
1008 3673 1103 3764 Quid

130 3782 227 3880 quod
251 3786 347 3858 Deus
370 3787 407 3858 in
432 3787 473 3860 N.
498 3789 603 3862 etiam
620 3786 768 3861 Foedere
793 3786 960 3888 prodigiis
984 3787 1103 3882 ingen·

117 3892 245 3988 tibus,
270 3923 334 3996 per
356 3900 509 3994 gratiam
535 3901 789 3986 curationurn,
822 3897 868 3972 ad
901 3911 1103 3984 oontacturn
