2932 4970
326 1111 864 1229 PARAENESIS
933 1191 937 1203 -
996 1181 999 1186 ·

280 1397 346 1469 AD
373 1395 673 1470 GANDIDATOS
690 1398 908 1472 JUVENES.

523 2031 536 2056 (ι
554 2011 652 2060 Virtute
669 2010 750 2060 infieri
766 2015 774 2060 i
792 2015 868 2061 scritti
886 2013 954 2074 tuoi3
972 2009 995 2060 la
1013 2009 1088 2060 iresca

483 2119 495 2144 o
515 2099 564 2148 Sua
581 2100 679 2164 rugiada
697 2102 721 2149 vi
738 2115 842 2170 spargo,
861 2116 875 2148 e
897 2102 924 2148 in
941 2102 987 2148 essi
1009 2101 1079 2149 viva:

485 2206 498 2231 o
517 2187 549 2237 Se
560 2188 643 2254 poscia
655 2184 678 2236 e’
687 2183 796 2251 mnojan‚
809 2185 845 2236 sol
857 2203 900 2254 per
912 2185 942 2234 lei
951 2185 1087 2236 t'incresca.

739 2265 866 2319 APPIAN.
884 2267 939 2318 Son.
957 2284 1012 2318 err.

152 2616 307 2742 vestra
330 2674 447 2755 studia,
468 2675 674 2755 dilectissimi,
697 2684 803 2740 vestra
826 2675 860 2738 in
884 2672 991 2738 literas
1016 2693 1088 2738 san-

106 2785 255 2861 ctamque
279 2778 352 2841 vitae
382 2775 581 2862 disciplinam
613 2775 717 2840 studia
746 2777 876 2840 intueor
900 2776 962 2840 hoo
991 2772 1085 2840 loco:

106 2895 205 2964 qoem
228 2879 302 2942 volo
326 2879 416 2964 quasi
440 2877 633 2943 vestibulum
649 2877 689 2940 ad
714 2877 903 2962 llysterium
920 2878 1085 2942 'incarna-

106 2980 137 3042 ti
157 2977 340 3058 Nominis,
364 2978 404 3044 ad
429 2977 616 3064 Mysterium
649 2977 770 3043 Gratia
796 2977 884 3042 illinc
907 2976 999 3042 nobis
1031 2977 1090 3042 im·

108 3099 224 3167 pcnsae.
255 3082 378 3146 Numen
409 3100 469 3167 pro
494 3080 586 3146 nobis
617 3091 726 3146 natum
757 3091 790 3146 et
820 3081 909 3146 cruci
942 3077 1090 3145 suffixum

49 3195 52 3204 ’
108 3193 219 3246 noster
246 3181 289 3246 sit
312 3199 395 3246 vcrae
420 3180 562 3246 scientiae
585 3181 710 3266 piaeque
726 3181 800 3246 vitae
825 3179 992 3264 Magister:
1017 3177 1087 3264 ejus

109 3285 214 3368 gratia
245 3293 398 3370 tanquam
420 3282 474 3350 Sol
500 3283 683 3348 illuminans
712 3304 747 3350 ac
772 3281 946 3349 confovens
972 3281 1010 3346 ab
1037 3283 1087 3346 in·

106 3386 234 3452 tellectu
270 3386 452 3472 caliginem,
477 3407 494 3452 a
518 3386 706 3474 precordiis
741 3387 874 3452 mortale
912 3386 986 3471 gelu
1010 3403 1088 3472 prof

107 3489 220 3574 pulset.
245 3489 389 3556 Tenebra
413 3499 460 3555 est
484 3490 576 3575 plena
601 3489 794 3555 discriminis
818 3489 1022 3575 iqoorootiu
1038 3487 1086 3553 lu·

109 3603 220 3658 ctuosa
237 3613 337 3659 mors
361 3595 519 3661 vitiositas
549 3605 645 3680 atque
667 3605 843 3680 peccatum.
872 3593 963 3659 Heu!
989 3591 1087 3678 suge,
1148 3587 1152 3594 “

110 3707 185 3762 nate
209 3697 288 3778 Deo,
312 3710 408 3785 teque
432 3699 484 3764 illa
507 3700 572 3786 jam
588 3699 685 3784 eripe,
709 3699 767 3763 hac
783 3709 815 3764 tc
831 3709 934 3764 morte
958 3695 1083 3762 subtra-

113 3800 193 3865 hito.
218 3800 401 3888 Dispcream
426 3812 508 3883 ante,
532 3820 627 3888 quam
651 3801 722 3881 tibi,
746 3821 766 3865 o
788 3801 926 3888 juvenis,
943 3799 1089 3866 simulata

114 3919 204 3965 sensa
229 3900 409 3968 divendam:
433 3921 491 3968 cor
514 3903 575 3968 tibi
603 3921 726 3982 meum,=
745 3903 866 3971 utilitas
890 3903 924 3970 in
949 3921 998 3968 ote
1023 3911 1088 3979 tna,

113 4001 208 4083 ratio,
224 3999 362 4088 Religio,
385 4002 560 4091 loquantur
583 4023 620 4069 ac
644 4002 790 4070 clament.
