2932 4970
361 430 413 523 46
526 445 528 449 ‘
679 447 825 500 masam.
855 447 977 498 anona.

334 542 422 618 olim
441 537 615 614 creverint
631 531 823 614 Alexandri
834 540 1143 634 Romanorumque
1160 537 1332 638 Imperia.-

386 652 447 724 IV.
473 650 607 740 Quarta
633 645 785 744 denique
810 647 988 740 Ecclesiae,
1014 647 1093 746 quoe
1109 663 1164 720 est
1180 649 1343 746 christi„

337 763 491 864 genuina
516 777 601 834 nota
619 775 673 831 est
693 759 952 858 Apostolicitas.
968 757 1210 849 Quamobrem
1229 757 1335 832 Chri-2

335 877 392 954 sti¹
406 897 486 946 vera
512 871 762 948 decernere
778 868 878 946 debet
895 869 1103 969 Apostoliaa
1120 884 1200 942 tam
1221 872 1326 942 ratio·

335 1009 382 1056 ne
407 982 553 1079 originis
570 1006 644 1054 sua
668 979 713 1052 ab
741 980 936 1080 ApostoliS,
953 997 1032 1053 tiam
1050 995 1207 1079 respecta
1224 979 1326 1052 tradi·

338 1109 382 1166 ta
407 1089 452 1163 ab
478 1090 609 1164 eisdem
634 1089 819 1178 doctrine,
836 1104 915 1162 tam
939 1113 1078 1189 qaoque
1100 1090 1236 1162 ratione
1261 1087 1333 1162 Pa.
1457 1149 1458 1160 ,

338 1216 490 1288 stomm,
515 1203 578 1298 qui
601 1199 646 1274 ab
665 1199 846 1298 Apostolis
864 1199 1067 1275 immediate
1084 1199 1155 1272 sive
1175 1195 1327 1272 mediate
1457 1249 1458 1254 ,

337 1311 494 1400 ordinati
518 1313 690 1382 continua
708 1307 775 1382 sibi
790 1311 877 1384 serie
894 1307 1100 1396 succedam,
1117 1307 1334 1380 missionem·

339 1421 560 1496 ordinariam
584 1437 648 1493 aut
673 1420 783 1494 simul
802 1415 1324 1518 extraordinariambadentes.

336 1531 391 1602 De
408 1532 476 1604 boc
487 1531 725 1604 Protestantes
737 1545 774 1602 et
785 1553 909 1602 omnes
925 1529 1092 1604 Haeretici
1104 1527 1329 1615 converiunt,

337 1644 482 1718 Etenim
499 1644 536 1716 in
552 1644 702 1745 mystico
719 1643 867 1722 edificio
892 1641 1060 1716 Ecclesiae
1078 1641 1336 1720 Cbrlatilidelesx

342 1757 364 1835 2
391 1753 436 1828 ad
461 1757 554 1856 pr.
579 1753 808 1832 adstruuntur
832 1752 1102 1851 superedificati
1118 1775 1225 1849 saper
1233 1749 1330 1849 fan·

338 1866 549 1940 da'mentam
580 1866 839 1965 Apostolorum
871 1879 906 1938 et
939 1861 1200 1962 Prophetarum
1212 1919 1229 1951 ,J
1251 1866 1339 1962 ipso:

341 1983 484 2050 summo
500 1978 669 2076 angulari
685 1977 799 2076 lapide
819 1975 957 2062 Christo
974 1977 1078 2066 term
1097 1975 1331 2076 quiquidem,
1457 1985 1458 2000 ¹

337 2101 381 2158 ut
404 2084 536 2158 ibidem
562 2113 592 2160 c.
618 2088 643 2160 4
675 2103 836 2186 prostat,
860 2087 1033 2187 quosdam
1058 2085 1153 2160 dedit
1178 2086 1342 2185 Apama-²

181 2243 214 2292 ·.
338 2194 392 2266 las
486 2193 649 2268 Pastores
674 2209 708 2268 et
732 2197 918 2286 Doctores,
935 2211 977 2268 ut
990 2196 1187 2290 Ecclesiam
1211 2195 1330 2278 funda,

338 2319 430 2395 rent,
447 2302 699 2404 fundatamque
716 2309 937 2406 perficerent.
955 2309 1119 2383 Jamvero
1132 2309 1247 2402 inesse
1265 2310 1329 2382 Ro
1366 2391 1367 2394 Ἴ
1457 2339 1458 2376 1

339 2437 461 2496 mantes
472 2413 639 2494 Ecclesiae
654 2417 746 2488 hanc
762 2417 1029 2517 apostolicitatis·
1040 2417 1337 2518 Notampprobat·
1457 2411 1458 2460 ³

343 2546 388 2592 ex
404 2521 561 2621 professo
579 2514 675 2596 Tert¹
692 2526 729 2596 in
746 2541 823 2600 toto
839 2527 918 2602 Libe
935 2527 978 2600 de
995 2525 1341 2628 Praescnptionibas,·

339 2629 468 2732 probat
502 2650 538 2706 et
553 2637 653 2708 iren.
680 2663 723 2710 ex
748 2639 908 2714 instituto
943 2641 980 2712 in
1006 2641 1027 2712 3
1058 2639 1135 2729 Lib.
1165 2637 1337 2713 adversus'

341 2741 511 2828 Haereses·
535 2743 603 2826 Ast
627 2747 696 2820 tale
723 2735 768 2820 ne
786 2748 968 2850 quidpiam
992 2747 1157 2822 affirmari
1172 2746 1328 2848 pmbari·

340 2877 409 2949 que
435 2869 553 2952 potest
573 2855 624 2928 de
649 2885 719 2930 una
746 2859 870 2932 saltem
887 2859 1001 2958 aliqua
1018 2859 1235 2933 Nova-torum
1260 2857 1339 2930 Eo·

340 2962 471 3044 etesia-l
496 2968 604 3041 edant
628 2974 780 3068 origines
814 2973 1059 3044 Eeclesiaram
1084 2993 1261 3057 suanam,
1287 2973 1328 3042 ut

335 3077 541 3171 gravissima
568 3080 644 3152 haec
670 3105 754 3151 cum
780 3080 877 3152 Tert
899 3081 1145 3180 intorqueam,
1164 3079 1331 3172 evolvant

341 3182 504 3256 ordinem
529 3189 788 3284 Episcoporam
814 3213 962 3267 suoram
987 3183 1037 3262 im
1055 3190 1340 3286 permanentia,

341 3317 405 3372 aes
431 3293 476 3365 ab
495 3298 594 3368 initio
613 3297 871 3385 decurrentem„
889 3315 929 3372 at
950 3303 1090 3398 primas
1108 3299 1165 3370 ille
1183 3299 1339 3396 Episcov

337 3425 408 3497 pas
433 3403 589 3500 aliquem
615 3431 666 3477 ex
692 3409 871 3505 Apostolis
899 3411 952 3484 vel
977 3410 1193 3507 Apostolicis
1215 3410 1341 3496 Viris„

341 3511 406 3612 qai
425 3525 545 3606 tamea
563 3537 649 3587 eram
666 3519 846 3616 Apostolia
865 3520 1149 3617 perseveraverit,
1167 3517 1331 3592 habuerit

343 3634 527 3704 auctorem
552 3641 586 3698 et
610 3644 875 3706 antecessorem.
893 3631 966 3702 Ubi
984 3629 1259 3704 sabellianorum
1276 3657 1331 3702 an-

344 3745 380 3806 te
407 3732 615 3830 Sabellium,
640 3739 700 3812 ubi
725 3745 1004 3824 Lutheranorum
1031 3745 1132 3814 Secta
1158 3759 1239 3814 ante
1263 3746 1338 3814 Lu*

346 3852 511 3930 thorum?
537 3851 606 3926 Sed
631 3854 667 3926 in
694 3856 747 3927 his
763 3881 836 3951 non
852 3870 952 3927 vacat
979 3853 1110 3933 diutius
1139 3855 1338 3929 immorari.v
