2908 4962
231 521 274 569 nn
291 520 389 569 urica
404 520 495 568 rsus.
512 521 553 568 rr
570 520 663 569 nura.
680 520 754 568 ner.
774 519 903 571 cnnrsn
1009 500 1073 573 95'*

75 633 174 701 nam,
199 623 239 678 ut
263 607 342 679 duae
368 623 513 700 naturae,
538 606 652 682 divina
678 609 903 702 ethumaua,
920 611 1067 683 cuiun-³

77 733 137 788 tea
163 715 334 788 distinctae
359 715 396 786 in
422 742 464 788 eo
489 715 628 808 fuerint,
654 732 735 817 post
759 717 924 790 unionem
948 720 1062 820 hypo-

76 830 240 902 staticam
265 827 435 902 coiverint
459 827 495 897 in
521 853 638 919 unam,
665 828 735 902 sive
760 826 796 898 id
820 853 885 928 per
919 855 1061 904 conver·

78 941 219 1012 sionem
246 939 445 1010 alterutrius
462 939 500 1009 in
518 938 631 1028 aliam,
649 938 718 1012 sive
732 965 800 1039 per
817 939 1062 1014 formationem

78 1051 184 1122 unius
208 1050 321 1122 tertiae
347 1064 491 1140 naturae,
516 1050 695 1146 utriusque
713 1051 962 1125 commixtione
987 1077 1083 1152 per·-

76 1175 221 1251 actam,
246 1157 378 1234 sactum
403 1155 519 1250 fuisse,
543 1157 654 1230 multa
680 1185 763 1231 cum
788 1158 933 1258 ambage
963 1159 1064 1233 tradi·
1124 1172 1126 1176 ’

77 1269 184 1341 derit.
210 1268 333 1342 Subito
358 1270 595 1367 Eutychetem
621 1268 685 1342 sub
713 1271 746 1341 S.
768 1269 934 1344 Flaviano
959 1273 1066 1372 patri·

78 1384 186 1454 archa
203 1378 357 1480 synodus
375 1381 760 1481 Constantinopolitano
777 1384 992 1484 proscripsit,
1008 1410 1065 1456 ex·

79 1492 287 1584 auctoravit,
314 1506 418 1589 atque
443 1491 518 1590 ipse
543 1494 616 1562 Leo
634 1493 696 1583 M,
712 1520 730 1562 a
749 1519 821 1590 quo
847 1511 993 1568 vocatur
1008 1495 1064 1568 de·

79 1605 171 1678 lines
198 1620 234 1675 et
260 1605 441 1700 imperitus
466 1627 593 1690 senex,
619 1605 717 1702 cujus
735 1607 941 1700 passionem
958 1608 1064 1680 etiam

80 1731 120 1786 et
146 1717 387 1810 ignorantiam
420 1713 592 1811 Pluquet,
618 1713 742 1787 doctus
767 1714 873 1788 abbas
906 1719 1066 1810 incusat,

80 1827 239 1926 acceptis
255 1827 354 1897 Actis
371 1824 503 1924 Synodi
521 1825 706 1901 damnavit.
725 1860 759 1895 ee
777 1829 943 1901 Attamen
960 1855 1068 1903 senex

80 1938 205 2036 ipse-a
232 1934 431 2007 Theodosio
456 1951 542 2008 tunc
566 1961 686 2008 rerum
711 1939 867 2036 potiente
893 1936 1067 2033 obtinuit,

81 2064 125 2118 ut
152 2046 215 2118 alia
242 2045 395 2146 synodus
421 2045 547 2119 eodem
573 2075 628 2118 an.
654 2047 888 2120 celebraretur
912 2050 1061 2150 Ephesi:

81 2161 119 2230 in
146 2185 257 2257 eaque
283 2159 469 2232 Dioscorus
495 2161 688 2258 patriarcha
714 2159 991 2253 Alexandrinus,
1010 2188 1067 2233 eu·

83 2272 263 2369 tycliianae
293 2272 464 2342 haereseos
494 2269 572 2342 labe
608 2297 837 2372 conspersus,
862 2271 1068 2372 posthabitis

81 2383 225 2481 Legatis
248 2384 376 2482 Papae,
401 2382 621 2482 imperatoris
647 2385 852 2456 auctoritate
877 2384 1067 2486 praesedit3
1185 2363 1213 2424 Ὗ

81 2503 195 2594 iisque
212 2494 488 2595 repugnantibus
509 2495 668 2569 absoluto
684 2499 894 2596 Eutychete,
911 2495 1069 2572 Theodo

84 2622 193 2697 retus,
218 2602 298 2675 Ibus
323 2619 360 2702 et
380 2605 574 2702 patriarcha
591 2604 786 2696 Flavianus,
803 2609 864 2704 qui
878 2609 974 2706 jussu
992 2607 1070 2680 Dio

84 2714 175 2788 scori
202 2710 401 2786 vulneribus
427 2711 570 2783 affectus
596 2713 713 2785 triduo
738 2732 820 2813 post
853 2731 987 2814 martyr
1012 2740 1070 2786 ex·

83 2823 224 2924 piravit,
249 2819 404 2890 damnati
430 2819 538 2909 luere,
563 2819 620 2892 alii
646 2839 764 2893 autem
789 2824 955 2922 Episcopi
985 2820 1072 2893 mili·
1148 2861 1151 2868 ·

23 2945 26 2952 ’
85 2952 165 3008 tum
191 2949 290 3004 metu
308 2930 608 3029 subscripserunt:
635 2933 730 3005 unde
746 2935 811 3006 ista
829 2933 982 3033 synodus
998 2960 1072 3007 non

87 3033 302 3136 concilium,
328 3041 390 3113 scd
420 3042 648 3114 bztmcinium
685 3041 908 3139 Epleesinum
941 3045 1069 3116 merito

87 3152 272 3226 consuevit
297 3149 475 3251 appellari.
494 3181 529 3216 ee
543 3151 609 3222 Ast
634 3175 688 3222 an.
705 3151 780 3225 ’451
815 3152 879 3225 sub
898 3154 1073 3226 Marciano
1112 3197 1114 3202 ·

87 3263 150 3334 illo
175 3264 192 3334 Ι
202 3317 213 3353 ,
230 3286 338 3358 quem
363 3259 479 3331 nullus
500 3263 676 3361 superavit
690 3263 883 3363 imperator
898 3264 1004 3363 regiis
1015 3287 1073 3337 re·

83 3372 290 3469 'ligiosisque
307 3369 507 3460 virtutibus,
519 3371 556 3441 in
574 3371 733 3446 Concilio
751 3399 878 3448 oecum.
894 3375 956 3468 lV,
976 3371 1073 3473 quod

89 3483 219 3556 Nicaeae
245 3481 421 3580 primitus,
447 3480 670 3554 Chalcedone
696 3482 862 3584 deinceps
884 3480 1074 3558 Leatdun

90 3592 140 3662 M.
165 3588 354 3682 adunavit,
381 3587 565 3662 damnatus
590 3607 644 3663 est
668 3593 848 3691 Eutyches
872 3593 1073 3692 iterumque

89 3700 282 3792 Nestorius,
307 3725 348 3772 ac
374 3699 619 3798 Theodoretus
636 3716 672 3772 et
688 3700 767 3772 lhas
792 3718 981 3798 utrumque
996 3725 1074 3774 ana·

92 3809 358 3882 thematizautes
383 3809 531 3884 absoluti
557 3827 648 3884 sunt:
673 3810 862 3886 Dioscorus
877 3836 961 3887 vero
979 3806 1073 3912 apud
