2908 4962
167 665 172 672 Ι
199 601 243 650 oa
260 583 393 660 aaronis,
410 601 483 672 aar.
501 602 575 648 mr.
588 599 921 650 aurnornmrarnus
986 577 1056 652 117
1133 590 1135 596 ’

127 689 491 764 OBJECTIONIBUS
517 690 558 762 fir
583 690 675 761 satis.
702 688 879 788 Objiciunt
896 689 1061 774 adversus

72 802 228 902 primam
245 796 517 872 Conclusionem
533 801 580 870 1⁰.
599 799 636 870 Si
653 800 800 896 Sanguis
818 801 949 874 Christi
965 800 1064 874 fusus

73 909 195 984 Verbo
221 910 429 1011 perstitisset
454 911 574 982 unitus
590 937 656 1010 per
672 909 829 984 triduum
855 913 991 1006 mortis,
1009 912 1065 986 da·

75 1040 181 1098 retur
202 1023 476 1104 communicatio
502 1021 710 1095 idiomatum
736 1023 828 1112 inter
857 1023 1016 1096 Verbum
1040 1025 1065 1098 is

75 1158 184 1235 psum
210 1147 247 1204 et
271 1131 488 1229 sanguinem,
513 1131 625 1204 etsie
651 1129 720 1203 dici
746 1147 876 1231 posset,
902 1131 945 1208 V
938 1131 1066 1206 ertum

77 1260 130 1320 est
155 1245 322 1341 sanguis:
340 1240 531 1314 absurdum
550 1253 787 1340 consequens:
815 1268 899 1341 ergo
917 1259 953 1320 et
969 1242 1066 1335 illud,

76 1354 174 1428 unde
200 1353 436 1450 consequitur.
462 1328 506 1449 11.
524 1349 582 1424 Ad
598 1354 667 1424 hoc
692 1369 953 1450 argumentum,
971 1351 1067 1450 quod

77 1489 180 1564 reque
206 1461 371 1536 militaret
396 1459 574 1532 indubiam
592 1476 714 1532 contra
731 1461 915 1536 veritatem
933 1459 977 1532 de
994 1486 1067 1534 san·

79 1576 189 1676 guine
216 1575 385 1646 existente
403 1573 439 1642 iu
457 1574 539 1644 Jesu
565 1598 712 1672 corpore
730 1589 766 1643 et
784 1599 866 1644 cum
883 1571 991 1643 Verbi
1008 1574 1067 1670 hy·

76 1685 213 1787 postasi
237 1684 348 1774 unito,
364 1711 398 1753 n.
417 1682 595 1780 sequelam
621 1685 772 1782 majoris3
796 1684 876 1780 quia
894 1709 957 1781 per
975 1708 1066 1754 cour·

76 1793 356 1868 municationem
381 1789 591 1864 idiomatum
617 1789 695 1863 dure
721 1807 854 1864 natutae
881 1789 1067 1890 completae

77 1907 125 1980 de
152 1931 189 1978 se
214 1906 366 1978 invicem
386 1903 568 2004 praedicari
586 1903 731 2001 quidem
748 1919 906 2004 possunt,
922 1929 994 1976 non
1012 1929 1069 1976 ve·

78 2042 121 2090 ro
148 2017 285 2112 integra
311 2013 354 2088 de
382 2014 527 2115 partiali,
545 2015 616 2088 sive
635 2012 788 2114 partialis
805 2013 848 2086 de
866 2015 1002 2111 integra
1020 2040 1070 2084 re·
1178 2037 1180 2042 ·

82 2141 141 2198 cte
168 2139 303 2224 potest:
330 2123 409 2196 ideo
436 2150 502 2196 nec
527 2124 667 2217 dicitur,
697 2124 859 2200 Verbum
885 2140 946 2194 aut
971 2125 1070 2198 Dens

82 2249 136 2308 est
160 2236 311 2320 anima,
338 2236 436 2307 Dens
462 2249 514 2307 est
539 2259 667 2333 corpus
681 2264 696 2321 ,·
724 2235 856 2306 etianrsi
889 2249 1068 2333 spectetur

82 2345 241 2418 triduum
266 2347 402 2437 mortis,
420 2344 560 2444 quando
577 2348 691 2418 anima
710 2345 842 2420 divulsa
861 2361 934 2417 erat
960 2371 1070 2418 acor·

81 2483 180 2559 pore.

131 2570 212 2670 obj.
231 2573 268 2642 2⁰
286 2570 406 2642 Stante
425 2579 542 2644 nostra
569 2573 753 2662 sententia,
778 2589 992 2670 sequeretur,
1018 2571 1067 2642 di:
1103 2629 1106 2636 .

85 2679 117 2750 ci
143 2704 259 2778 posse,
285 2678 381 2776 quod
406 2680 514 2752 Filius
534 2681 605 2750 Dei
632 2679 818 2752 adhaeserit
844 2683 1070 2779 pavimento,

84 2788 232 2889 flagellis
259 2806 347 2882 etc,
374 2791 499 2888 quibus
522 2792 665 2888 sanguis
687 2789 843 2882 adhaesit,
862 2793 952 2864 sicut
969 2818 1012 2862 ex
1029 2816 1071 2861 eo

82 2898 181 3001 quod
206 2901 313 2973 Filius
339 2903 404 2974 Dei
430 2918 522 2974 esset
548 2903 665 2974 unitus
691 2903 787 2974 carni
813 2901 971 3002 sepultae,
993 2894 1073 2983 diei

82 3276 108 3320 01
124 3269 159 3322 111
176 3271 259 3322 Leone
276 3271 406 3324 versiculos
423 3289 475 3324 non
491 3273 597 3324 alienum
615 3273 654 3324 hic
672 3276 718 3324 erit
734 3277 783 3325 suis
795 3291 809 3325 e
822 3272 978 3326 Carminibus
990 3287 1080 3321 excer-

84 3381 151 3432 pere;
169 3383 223 3434 quac
240 3374 323 3417 tamen
340 3370 447 3418 carmina
464 3367 626 3436 periculosum
643 3376 708 3419 esset
724 3372 817 3435 integra
829 3368 959 3438 perlegeres
977 3384 994 3416 :

212 3491 225 3516 u
244 3469 336 3521 Saecula
353 3479 411 3539 post
428 3471 520 3539 aliquot
537 3480 580 3522 tua
596 3482 655 3524 sum
672 3472 788 3524 translata
806 3489 851 3540 per
868 3473 946 3524 undas

214 3581 227 3609 u
247 3562 356 3630 Corpora
373 3566 399 3613 iu
416 3563 519 3629 ltaliam,
537 3563 628 3616 Christi
645 3583 701 3615 cum
714 3565 837 3631 Sanguine
849 3565 935 3636 Sacro,

220 3676 232 3702 u
251 3657 290 3707 Aa
307 3661 384 3708 crucis
401 3657 501 3710 excelsa
518 3660 642 3727 quondam
661 3663 760 3725 vestigia
778 3659 858 3722 lecto,

216 3771 229 3797 u
249 3750 330 3819 Atque
347 3754 373 3802 in
390 3767 446 3802 vase
463 3749 532 3801 brevi
550 3759 631 3802 terrrm
648 3759 705 3820 post
722 3751 770 3801 lata
787 3749 892 3819 sepulto.
940 3751 943 3758 “

215 3867 227 3893 u
246 3845 336 3897 Ultima
354 3847 437 3895 divino
454 3847 525 3894 sedes
541 3844 586 3895 tibi
603 3847 704 3898 Mantua
722 3853 791 3895 metu

215 3959 227 3985 u
247 3939 433 4007 Hospitiumque
450 3935 505 3999 suit,
523 3938 608 3999 mediis
626 3936 668 3986 ubi
685 3940 774 3986 muenia
792 3939 818 3986 in
831 3937 902 3986 aridis

215 4052 228 4079 u
247 4031 345 4084 Dicitur
361 4029 476 4099 inliquus
493 4031 617 4099 quondam
635 4032 743 4098 [11511511
760 4029 856 4081 Bianor.
