2908 4962
234 547 277 594 ur
296 547 391 594 unios
407 544 498 592 rsus.
511 544 558 591 ar
575 526 669 592 ouen.
687 543 760 591 nar.
779 543 908 620 euussrr
1016 523 1060 598 97

71 633 183 732 ‚justis
207 631 398 728 incarnari:
424 655 520 728 ergo,
538 655 620 702 cum
636 628 794 702 Verbum
821 633 896 702 lieri
923 656 1065 704 carnem

80 742 309 814 multominus
334 743 516 841 significet,
543 768 621 814 eam
646 743 720 815 fieri
737 746 963 816 conversione
980 744 1065 815 divi-

81 857 200 926 nitatis
217 858 255 925 i'n
281 878 441 942 comem,
460 871 529 944 aut,
545 853 640 952 quod
657 855 743 927 item
770 872 952 955 repugnat,
971 882 1066 928 eom·

80 966 250 1038 mixtione
276 991 359 1038 cum
386 993 435 1057 ea;
461 967 636 1064 reliquum
655 983 716 1056 est,
734 968 807 1068 lieri
825 970 1064 1064 assumptione

77 1072 312 1147 humanitatis
330 1078 368 1146 iu
386 1077 520 1162 Deum,
533 1074 624 1146 idest
641 1076 885 1174 conjunctione
904 1073 1065 1146 substan-

78 1187 149 1258 tiali
165 1189 202 1256 in
221 1193 388 1288 'personae
415 1187 556 1269 unitate.
572 1189 680 1285 'Ergo
706 1213 773 1258 una
792 1187 896 1288 estin
921 1187 1061 1260 Christo

78 1313 238 1392 persona,
262 1322 353 1366 unus
379 1296 617 1366 estClsristus
634 1299 767 1369 homo·
784 1295 889 1387 Deus,
911 1295 1060 1394 ideoque

78 1403 144 1474 Dei
170 1419 224 1475 est
250 1405 398 1502 genitrix
416 1405 509 1476 ¹lesu
534 1403 718 1478 benedicta
744 1421 866 1490 mater.
893 1405 1064 1498 Acoedit3
1172 1447 1177 1454 ·

80 1512 176 1610 quod
201 1513 245 1585 de
272 1514 411 1585 Christo
438 1512 483 1583 ad
507 1505 658 1614 Philipp.
677 1516 722 1586 ait
741 1513 942 1614 Apostolus,
960 1511 1060 1612 quid-

34 1628 36 1632 ’
79 1619 166 1718 quid
192 1620 235 1692 de
261 1623 370 1721 petito
396 1622 479 1693 iude
506 1643 714 1720 argumento
740 1627 891 1696 sentiant
922 1624 1064 1696 Hardui·

79 1759 147 1804 nus
174 1747 210 1802 et
234 1734 463 1830 Berruyerius
489 1762 507 1805 a
532 1737 571 1806 P.
601 1739 768 1810 Gervasio
794 1735 952 1807 refutati:
979 1762 1065 1808 eum

78 1847 117 1913 iu
131 1839 264 1936 fiunto
291 1844 362 1914 Dei
377 1857 519 1915 esset...
533 1842 735 1916 humiliavit
752 1837 1065 1942 semetipsumjou

80 1977 185 2022 mom
215 1954 303 2022 servi
336 1955 536 2048 occipiens:
571 1953 601 2023 si
635 1980 725 2022 nnus
758 1953 870 2048 igitur·
897 1949 1065 2048 idemque

78 2060 240 2131 Christus
266 2059 393 2132 dicitur
410 2063 447 2130 in
460 2061 585 2149 form
611 2063 681 2132 Dei
698 2077 733 2132 et
754 2066 791 2131 in
804 2060 938 2154 sonmo
964 2058 1065 2150 servi,T

83 2196 143 2240 seu
169 2168 263 2239 Deus
289 2184 324 2240 et
349 2171 468 2261 hom0‚
495 2167 655 2242 Christus
680 2185 734 2240 est
758 2195 826 2238 una
844 2194 991 2268 persona
1018 2164 1068 2236 di·

81 2279 173 2368 vina,
199 2306 277 2375 quae
303 2295 462 2350 naturam
489 2281 679 2351 humanam
706 2278 771 2351 sibi
793 2277 1065 2358 substantialiter

83 2402 118 2456 et
143 2379 360 2486 hypostatice
387 2387 557 2461 devinxit.
583 2388 743 2460 Tandem
777 2392 861 2462 Luc.
894 2392 905 2461 l
953 2388 1066 2486 Ange*

83 2495 136 2566 lus
162 2495 201 2567 id
227 2498 346 2568 Mariae
363 2498 549 2596 promittit,
565 2499 662 2594 quod
678 2513 845 2568 noscetur
860 2524 911 2569 ex
937 2515 969 2569 te
986 2522 1066 2571 son·

84 2619 198 2690 etum,
225 2603 408 2674 vocabitur
432 2606 547 2677 Filius
574 2607 656 2692 Dei,
683 2621 719 2675 et
745 2604 789 2676 ad
816 2606 892 2678 Gal.
920 2609 943 2676 4
970 2632 998 2677 c.
1029 2604 1067 2675 id

87 2730 191 2807 extat,
217 2718 313 2785 misit
339 2717 437 2786 Deus
463 2717 602 2787 Filium
620 2714 886 2810 suurnfuctum
912 2742 963 2788 ex
994 2741 1067 2787 nto·

87 2825 183 2912 liere,·
211 2824 303 2896 unole
330 2827 379 2898 sic
405 2843 648 2922 argumentor:
676 2825 770 2896 idem
796 2828 871 2925 ipse
899 2829 1069 2916 ClrristuS,

86 2935 144 3030 qui
170 2950 278 3004 reatus
304 2949 337 3005 et
351 2933 481 3026 sortus
508 2932 637 3005 dicitur
662 2959 706 3003 ex
730 2935 850 3024 Maria,
877 2949 999 3029 estque
1017 2933 1069 3002 Fi-

85 3042 148 3114 lius
173 3047 338 3136 hominis,
363 3061 510 3134 'vocatur
527 3061 563 3116 et
589 3062 641 3116 est
658 3046 775 3117 Filius
793 3049 883 3117 Dei:
911 3033 1070 3116 Christus

86 3156 192 3253 igitur
218 3160 308 3227 u‘nus
334 3141 449 3227 estin
467 3182 626 3256 persona,
644 3173 765 3253 estque
785 3183 863 3228 vere
882 3157 985 3246 Deus3
999 3155 1070 3226 Ma·

87 3266 134 3336 ria
160 3283 281 3337 autem
299 3269 455 3365 Deiporu
474 3295 534 3338 seu
557 3269 623 3338 Dei
642 3265 753 3340 Mater
770 3269 910 3368 proprie
933 3293 971 3340 ac
990 3279 1071 3340 vere

89 3394 301 3449 nommetur.
969 3432 971 3436 .

133 3487 238 3560 Prob.
267 3492 287 3560 2
322 3489 528 3561 auctoritate
554 3491 709 3561 Patrum.
742 3489 892 3588 Cyrillus
923 3489 1071 3562 Alexan·

89 3595 208 3669 drinus
221 3655 231 3690 ,
256 3627 274 3670 a
302 3627 372 3697 quo
400 3601 547 3672 Sanctus
572 3627 678 3673 nemo
704 3602 796 3671 inter
827 3601 970 3672 Graecos
1005 3601 1073 3672 Du·

90 3721 202 3777 stores
228 3706 371 3799 abludit,
397 3710 445 3780 ita
471 3707 626 3807 loquitur
652 3711 871 3780 anathemate
897 3707 919 3780 3
951 3725 1072 3780 contra

89 3814 302 3888 Nestorium:
330 3822 361 3890 si
385 3821 463 3916 quis
490 3819 528 3887 in
546 3843 619 3889 uno
636 3816 783 3889 Christo·
790 3834 874 3914 post
900 3821 1071 3889 aulonem

88 3923 209 3998 dividit
220 3927 472 4026 hypostases...
490 3943 523 4003 et
535 3953 607 4001 non
627 3954 668 4002 ea
686 3931 940 4026 conjtmets'one
951 3931 1074 4013 stertit,

147 4063 227 4108 ron.
254 4066 285 4111 ιι
315 4067 401 4115 Vos.
428 4068 444 4113 1
1001 4034 1020 4109 7
