2908 4962
336 543 340 552 ·
411 514 457 564 nr
480 511 580 564 auam
605 477 736 562 omrs‘n
852 491 854 498 '
983 486 1059 560 453
1079 513 1092 532 ²

130 605 292 704 Arguunt
304 599 440 674 ultimo.
453 597 612 672 Christus
630 596 804 671 Dominus
821 595 955 695 accepit
971 575 1059 695 praes

77 732 222 819 capuam
239 711 432 810 mulinum
447 705 618 780 moriendi
630 731 652 776 :·
665 709 758 779 sicut
774 704 986 790 mundatum
1002 687 1058 780 da
1109 711 1112 718 '

75 823 242 917 drimilti
266 822 373 896 Pater
384 820 473 907 ,aie
487 817 626 914 stacio,
643 816 767 914 «inquit
792 816 845 890 Jo.
873 817 933 907 14.
962 813 1058 915 Ergo
1178 803 1181 810 ¹

76 937 200 1012 saltem
224 934 263 1005 in
288 945 404 1014 morte
425 924 608 1000 vsubeunda
637 923 728 1018 liber
750 923 1060 1016 nonfuit1liberta-

76 1063 113 1118 te
131 1039 423 1130 contradictionis.
452 1010 496 1133 ll.
524 1036 566 1110 N.
584 1013 1060 1134 consequentiam.quin'ims

75 1183 137 1230 mo
162 1153 361 1226 liberrimus
386 1148 452 1220 fuit
475 1148 513 1218 in
530 1162 653 1222 ⁴morte
679 1143 885 1238 subeunda,
909 1170 982 1218 non
1007 1169 1060 1216 so·

52 1270 54 1274 ’
76 1270 153 1344 lum
179 1263 295 1365 quoad
320 1261 606 1350 circumstantias,
623 1257 685 1332 sed
702 1257 819 1355 quoad
835 1259 947 1357 ipsam
964 1283 1061 1348 mor·

36 1445 38 1448 .
79 1377 220 1452 tamin
245 1401 281 1447 sc
309 1387 503 1473 spectatam
517 1395 533 1442 ι·
552 1394 624 1444 non
650 1368 756 1458 enitar,
780 1370 832 1438 ait
854 1369 995 1440 Hieron.
1024 1369 1062 1438 in

75 1487 165 1562 illud
179 1485 309 1588 pluries
321 1481 502 1554 laudatum
521 1506 564 1555 ex
583 1477 629 1550 53
642 1479 752 1570 Isaiae,
765 1481 1063 1564 necessitatecru·

75 1625 173 1685 rem,
198 1593 259 1670 scd
277 1595 454 1666 voluntate
472 1594 660 1677 sustinuitr
673 1588 769 1687 quod
794 1604 830 1660 et
854 1586 972 1662 caeteri
993 1590 1064 1661 Do·

77 1728 197 1785 ctores
206 1706 381 1803 divinique
392 1703 490 1775 Libri
498 1701 725 1776 conclamant.
734 1700 807 1774 Nec
816 1699 1064 1797 derogatChri·

74 1819 123 1892 sti
135 1814 287 1888 libertati
303 1829 517 1914 pracceptum
530 1811 653 1902 Patris,
666 1810 826 1908 quamvis
843 1807 937 1880 istud
954 1805 1063 1892 detre·

77 1945 175 2002 ctare
187 1952 260 1999 non
271 1925 397 2026 potuit.
414 1925 503 1997 Nam
516 1949 558 1995 eo
570 1922 785 2013 transmisso,
801 1917 899 2017 quod
911 1943 993 1990 cum
1005 1917 1064 1995 Pe·

78 2041 173 2115 tario
188 2038 248 2110 lib.
267 2040 289 2108 9
308 2035 351 2109 dc
367 2038 502 2111 lucam.
528 2037 598 2115 aa
617 2031 758 2132 quidam
784 2030 917 2122 volunt,
938 2053 1073 2129 praece·-¹

80 2169 187 2254 ptum
210 2149 298 2222 illud
322 2149 435 2220 Patris
459 2173 533 2220 non
559 2145 664 2216 fuisse
681 2145 800 2216 stricte
821 2141 901 2232 talc,
916 2139 1066 2237 ideoque

81 2290 203 2340 veram
229 2260 479 2360 obligationem
505 2283 577 2330 non
603 2255 789 2344 induxisse3
816 2253 946 2326 Christi
969 2275 1068 2323 mors

78 2378 180 2475 juxta
205 2371 290 2444 alios
315 2383 491 2470 praecepta
517 2366 582 2437 fuit
607 2364 672 2436 sub
699 2360 909 2450 conditione,
925 2359 955 2432 si
971 2383 1073 2442 nem·

79 2512 126 2586 pe
154 2509 232 2557 eam
256 2478 363 2553 vellet
388 2478 546 2552 Christus
571 2489 769 2573 acceptare:
793 2471 892 2568 juxta
909 2466 995 2538 alios
1012 2448 1094 2537 au·¹

81 2611 183 2685 tam,
208 2591 268 2690 qui
294 2587 450 2661 absolute
475 2600 688 2686 praeccptam
714 2582 818 2654 fuisse
846 2575 1066 2665 concedunt,

81 2703 183 2777 affuit
200 2701 310 2774 libera
327 2697 469 2770 facultas
486 2695 523 2766 in
536 2695 681 2766 'Christo
698 2685 915 2790 postulandae
934 2683 1067 2782 dispen-

83 2815 237 2895 sationis.
263 2810 406 2884 Etenim
432 2823 469 2880 et
493 2807 568 2906 ipse
595 2803 683 2881 dixit
706 2803 823 2890 Petro,
849 2797 909 2894 qui
939 2793 1079 2884 Malchi-

85 2938 285 3024 amputarat
303 2916 504 3008 auriculam,
522 2915 605 2987 Mat.
625 2915 684 3002 20,
699 2935 748 2980 on
763 2923 885 3005 pratos,
898 2907 980 3003 qrtia
994 2928 1069 2975 non

83 3034 233 3133 possum
259 3053 380 3127 rogare
406 3028 551 3100 Patrem
567 3045 702 3106 meum,
719 3031 753 3089 ct
769 3012 952 3089 exhibebit
976 3009 1067 3082 milri

87 3144 192 3218 modo
214 3142 407 3240 plusquam
432 3133 620 3230 duodecim
637 3129 790 3226 legiones
816 3119 1067 3220 Angelorum?

75 3264 199 3356 'quem
225 3269 261 3324 et
285 3277 351 3352 pro
378 3246 506 3321 Christi
530 3243 690 3338 libertate
715 3237 833 3313 locum
851 3230 1072 3307 Maldonatus

88 3363 287 3438 Calvinistis
313 3357 471 3460 opponit
717 3371 722 3380 ·

138 3476 204 3549 llis
230 3491 333 3572 atque
360 3469 434 3542 aliis
459 3466 515 3538 alii
541 3466 606 3540 viis
631 3461 825 3558 modisque,
844 3481 930 3554 quos
948 3451 992 3524 ad
1006 3479 1071 3530 no·

88 3587 174 3658 dum
201 3587 296 3658 hunc
322 3575 582 3652 dissolvendum
601 3572 767 3645 exhibent
783 3567 904 3666 viginti
921 3561 1087 3663 amplius

91 3695 275 3768 sententiae
301 3687 582 3787 Theologorum,
606 3667 805 3756 libertatem
832 3675 961 3750 Christi
987 3697 1087 3744 cum.

89 3810 203 3880 Patris
227 3804 461 3906 praeceptione
489 3796 671 3872 conciliare
698 3806 877 3865 conantur.
894 3786 962 3875 Qui
980 3780 1071 3852 male

91 3935 153 4010 aut
175 3915 310 3990 vfelicius
335 3913 372 3986 id
397 3923 513 4010 agant,
536 3933 608 3986 non
624 3905 682 3976 hio
695 3899 901 4001 judicamus.
919 3889 1072 3965 Salebro·
