2932 4970
373 637 449 712 ter:
472 631 516 704 at,
532 621 617 688 inter
640 629 699 688 n'os
722 621 831 704 etiam,
854 623 956 689 nostri
980 632 1057 689 sunt
1079 629 1195 706 mores,
1218 627 1275 714 qui
1299 645 1362 692 sm-

374 727 481 794 culum
507 735 662 813 prestant
684 724 804 792 bonum
828 735 885 792 aut
908 724 1105 814 improbum3
1123 729 1179 816 qni
1196 745 1358 796 secessum

373 827 519 913 abigunt,
544 835 577 892 et
600 826 781 906 inveniunt3
797 826 855 914 qui
869 828 1050 913 passionum
1066 837 1162 894 aestus
1177 827 1360 914 lectusque

376 929 549 995 concitant.
575 927 631 993 llae
654 938 740 1009 sunt,
763 947 836 1016 quat
859 949 878 995 a
902 928 1016 996 studiis
1040 929 1240 1012 abstrabunt,
1255 931 1356 996 iudu-

373 1034 485 1099 striam
509 1041 542 1098 et
564 1031 704 1098 laborem
728 1029 878 1114 oderunt,
893 1031 1051 1120 bonisque
1069 1033 1164 1100 simul
1187 1054 1261 1101 cum
1284 1044 1355 1100 stu·

374 1136 436 1202 (liis
459 1136 677 1203 virtutemne
708 1134 907 1222 Religionem
937 1137 1173 1217 exterminant,
1192 1148 1230 1204 'et
1258 1137 1358 1226 buius

374 1235 469 1303 istam
492 1237 566 1304 vitae
590 1245 623 1302 ct
646 1235 778 1302 alteram
801 1235 1020 1304 infelicitatem
1043 1246 1213 1304 arcessunt.

704 1367 862 1468 Uirtutes
892 1383 1028 1467 stolati.

421 1643 682 1711 Consectaminor
705 1641 825 1730 itaque,
845 1642 991 1730 juvenes,
1019 1642 1173 1709 virtutem
1196 1661 1232 1708 ac
1255 1641 1357 1728 picta·

377 1760 462 1830 tem,
487 1767 559 1836 quae
583 1748 658 1814 solae
682 1765 749 1813 non
772 1756 923 1814 eternam
947 1757 1093 1825 tantum,
1117 1746 1183 1812 seo
1197 1757 1229 1812 et
1252 1746 1355 1832 hujus

377 1849 530 1938 temporis
554 1869 590 1914 ac
613 1849 720 1916 saculi
744 1847 960 1914 infelicitatem
984 1857 1141 1915 avertunt.
1159 1845 1260 1914 Nemo
1278 1870 1352 1913 mo-

377 1955 432 2019 lor
453 1954 543 2038 felia.
560 1953 716 2019 Etbnieus
731 1945 904 2032 luvenalis,
920 1962 1026 2038 satyra
1042 1949 1076 2033 l,
1091 1961 1246 2039 tanquam
1268 1951 1355 2017 cbri-

375 2055 476 2120 stiane
500 2054 625 2141 sapiens
649 2053 710 2120 boc
735 2051 822 2119 dicit.
847 2053 914 2119 Neu
937 2054 1072 2119 mireris.
1090 2053 1146 2119 lllo
1169 2054 1266 2119 etiam
1290 2054 1357 2118 bu·-

372 2158 503 2235 cretins,
525 2157 712 2244 Epicureus,
734 2156 808 2223 ideo
832 2167 864 2222 et
888 2155 1022 2237 atheus,
1044 2167 1112 2223 nou
1134 2167 1184 2222 sat
1206 2156 1357 2224 laudatus

373 2268 412 2324 nt
435 2269 547 2339 vates,
570 2278 737 2345 nonquam
760 2269 809 2327 sat
828 2258 1039 2347 exprobratus
1062 2271 1100 2328 ut
1115 2259 1355 2348 philosophus,

372 2359 453 2425 illud
476 2359 605 2441 fatetur,
621 2361 655 2426 id
678 2363 783 2447 ipsum
806 2361 971 2447 praedicat
987 2362 1075 2448 quod
1091 2379 1155 2426 non
1173 2363 1255 2428 sacri
1270 2377 1358 2449 prae-

372 2483 470 2529 cones
494 2463 599 2530 solum
622 2475 655 2530 et
678 2464 813 2530 solitarii
829 2465 1057 2530 asceteriorum
1073 2465 1200 2546 incolae,
1214 2465 1270 2530 sctl
1287 2483 1356 2530 ma·

371 2567 421 2632 lus
445 2567 606 2654 quisque,
628 2567 693 2652 jam
724 2567 875 2653 expertus
898 2576 932 2632 et
962 2567 1001 2634 ab
1031 2567 1168 2635 luxuriae
1199 2567 1355 2636 ebrietate

372 2680 552 2750 revocatus,
575 2667 681 2734 flendo
705 2668 875 2734 declamat·

494 2821 838 2836 .........
883 2782 969 2835 Medio
986 2783 1017 2834 de
1024 2782 1106 2850 fiante
1119 2785 1231 2854 leporum

491 2867 676 2938 Surigtamarr
690 2867 806 2940 aliquid,
825 2867 937 2940 quodue
952 2887 1014 2939 rpsn
1021 2868 1133 2938 florebas
1150 2881 1234 2936 angat.
1288 2868 1290 2874 ’

270 3056 274 3061 .
417 2965 493 3034 Sum
517 2987 641 3035 memor
663 2969 777 3055 utique
800 2968 947 3034 humane
971 2987 1049 3035 mee
1072 2969 1297 3054 cognationis,
1320 2974 1358 3033 ut

372 3089 439 3136 non
463 3071 579 3136 irascar
603 3072 785 3138 bominibus
800 3071 1048 3157 implacabiliter.
1063 3071 1127 3139 ted
1144 3072 1280 3159 ¹juvenes
1296 3089 1353 3138 art·
1459 3071 1460 3130 ἐ

260 3171 263 3176 ’
372 3193 432 3258 nos
456 3174 591 3239 nimium
613 3175 815 3259 intonantes,
838 3175 918 3260 quin
941 3185 974 3241 et
997 3175 1158 3262 decrepita
1179 3173 1356 3241 multorum
1459 3181 1460 3186 ’

373 3274 463 3354 vitia,
487 3274 642 3360 castigare
665 3272 790 3354 vellem;
812 3275 840 3340 si
864 3274 1026 3360 quomodo
1058 3294 1183 3363 possem
1209 3293 1357 3340 errorum

375 3375 451 3440 vitre
482 3375 669 3443 labefactare
699 3375 848 3443 radicem.
879 3376 959 3442 Data
985 3387 1034 3444 est
1063 3379 1142 3445 mibi
1154 3378 1356 3465 ,magisque

362 3478 452 3544 'mibi
476 3481 669 3599 praeceptori
691 3499 935 3568 meorumque
958 3480 1032 3548 data
1047 3491 1095 3550 est
1110 3483 1285 3571 unicuique
1295 3501 1357 3550 cu·
1459 3505 1460 3508 ¹

372 3601 406 3646 ra
432 3580 487 3646 dc
486 3583 667 3666 proximo.
1137 3615 1139 3621 ⁸
1164 3611 1167 3620 ·

418 3682 520 3750 Radix
535 3705 632 3770 porro
656 3687 850 3776 capitalioris
873 3685 1055 3756 infectionis
1081 3689 1150 3756 baec
1173 3699 1242 3756 est:
1265 3687 1356 3778 quod

373 3785 435 3850 sibi
462 3785 701 3858 blandiantur
690 3810 847 3878 juvenes,
877 3791 1011 3856 multi
1001 3811 1100 3859 nmmo
1132 3785 1354 3872 senescentes,

372 3890 454 3974 proh
483 3891 613 3979 pudori
639 3891 805 3974 elbttiant,
827 3891 1011 3960 liberiorem
1034 3894 1242 3961 adolescenti
1249 3895 1354 3975 aetati,

373 4009 467 4076 quam
491 3992 619 4078 adulte,
642 4006 822 4083 competere
844 3994 952 4084 potius
975 3993 1129 4064 ducenda
1148 3998 1226 4068 vite
1255 3995 1354 4064 ratio-
