2908 4962
383 491 432 570 8'6
651 511 727 560 111.1
740 508 774 562 11
798 509 968 562 totnonis
994 507 1061 595 no.
1086 509 1113 560 n

374 615 378 626 '
430 594 534 678 Prot».
561 597 598 670 1Ι
624 622 716 698 pars,
740 623 820 695 qun
844 598 882 672 in
908 598 942 668 S.
967 597 1051 669 Litt
1076 595 1121 672 de
1147 593 1215 668 fide
1241 613 1366 674 contra

382 708 610 788 Abaelardum
634 709 790 810 aliosque
816 707 988 782 suadetur.
1004 711 1112 784 Luce
1142 709 1188 782 19
1205 725 1367 809 prostat,

380 822 482 894 venit
506 819 624 893 Filias
650 816 805 892 heminis
831 841 986 916 querere
1009 831 1046 890 et
1065 817 1206 890 salvum
1217 815 1365 912 faeere,

377 929 479 1030 quod
496 933 661 1030 perierat.
684 929 739 1003 Jo.
764 955 794 1004 e·
813 927 848 1021 3,
864 930 960 1002 misit
977 929 1076 1002 Deus
1093 928 1232 1002 Filium
1252 953 1365 1003 suum

381 1043 421 1110 in
455 1038 660 1124 reuredum,
689 1052 731 1110 ut
762 1037 917 1110 salvetur
948 1036 1106 1112 medus
1135 1059 1204 1134 per
1233 1038 1366 1134 ipsum.

381 1151 431 1222 Et
458 1151 471 1221 1
505 1147 549 1222 ad
574 1149 813 1242 Timotheum,
839 1145 1001 1222 Christis
1021 1150 1200 1248 appamit,
1224 1163 1265 1220 ut
1283 1172 1368 1246 pec·

384 1279 466 1338 enus
492 1275 612 1334 nostra
638 1259 781 1332 tollent
807 1261 856 1332 Et
874 1261 894 1332 1
914 1257 958 1332 ad
983 1258 1118 1351 Titum,
1134 1258 1228 1332 dedit
1242 1275 1368 1333 semea

383 1371 501 1463 ifrsum
519 1392 589 1465 pro
616 1365 741 1454 uobis,
766 1382 807 1438 ut
831 1391 896 1440 nos
915 1366 1098 1441 redimeret
1113 1365 1158 1440 ub
1176 1369 1278 1440 omni
1303 1369 1368 1445 ini·

381 1482 533 1576 rpu'tnte:
559 1505 645 1577 ergo
671 1479 747 1551 haee
771 1477 969 1579 redemptio
994 1493 1056 1550 aut
1070 1477 1232 1552 liberatio
1248 1505 1268 1554 a
1285 1505 1366 1578 peo-

385 1589 491 1681 eutis,
517 1619 535 1662 a
561 1590 640 1662 labe
664 1591 862 1690 preesertim
891 1589 1074 1689 originali,
1098 1591 1273 1663 motivum
1299 1589 1368 1666 suit

383 1703 644 1780 incarnationis.
662 1736 697 1768 m
711 1705 827 1776 Irnmo
843 1701 981 1792 addam,
993 1719 1074 1801 post
1086 1703 1279 1776 Ductorem
1296 1702 1367 1777 An·

382 1810 542 1908 pelicum,
561 1810 834 1912 completisque
851 1810 1112 1910 Theologorum
1139 1827 1261 1884 contre
1283 1812 1367 1884 Sco»

385 1924 493 2014 usus,
519 1923 553 1997 vi
580 1923 712 1996 decreti
737 1917 918 2023 praesentis
947 1924 1091 1996 unicum
1117 1922 1196 2015 suit,
1220 1924 1291 1996 sive
1315 1923 1366 1994 ita

372 2035 611 2134 praecipuum,
638 2049 687 2125 ut,
712 2034 742 2106 si
767 2036 875 2108 homo
900 2034 1036 2133 primus
1061 2060 1134 2108 non
1159 2050 1362 2134 peccasset,

228 2223 233 2236 ,
383 2170 525 2217 carnem
550 2146 616 2218 Dei
641 2145 748 2218 Filius
765 2171 838 2218 non
854 2144 1035 2218 induisset.
1061 2145 1241 2245 Scriptura
1267 2147 1365 2217 enim

382 2267 418 2322 et
443 2253 613 2344 Traditio,
638 2253 764 2350 quihus
790 2280 845 2327 res
870 2255 993 2329 isthaee
1010 2255 1194 2352 omnisque
1211 2253 1274 2326 alia
1293 2254 1365 2326 ali·
1443 2249 1444 2254 ’

381 2358 468 2432 bero
494 2361 558 2432 Dei
585 2360 729 2434 arbitrio
755 2360 958 2462 dependens
988 2379 1042 2436 est
1066 2362 1302 2461 transigenda,
1327 2361 1364 2432 il-

370 2465 443 2540 >lud
469 2468 613 2542 unicum
639 2486 929 2563 commemorant,
954 2486 1185 2562 attestantur3
1210 2495 1365 2567 namque

383 2577 545 2649 Christus
568 2580 653 2650 Luc.
682 2577 715 2670 5,
741 2603 815 2650 nou
846 2594 961 2676 egent,
986 2580 1051 2671 ait,
1076 2580 1139 2676 qui
1163 2579 1243 2650 suni
1268 2591 1366 2663 snrrt,

383 2688 536 2777 medico,
560 2690 623 2764 sed
646 2692 708 2788 qni
733 2689 826 2764 mele
852 2689 1006 2764 habent:
1034 2717 1108 2764 non
1135 2691 1214 2762 veni
1240 2711 1363 2760 uocare

113 2831 118 2841 ·
220 2871 225 2878 ,
370 2802 518 2896 justos„
534 2801 595 2874 sed
611 2819 828 2900 peccatores.
846 2803 880 2875 S.
898 2803 1116 2900 Augustinus
1133 2816 1263 2892 autem,
1280 2825 1361 2871 cum

301 2901 305 2914 ⁸
380 2937 493 3010 eoque
528 2915 801 3014 Chrysostomus
835 2941 876 2988 ae
906 2914 1039 3013 reliqua
1064 2915 1130 2986 PP.
1155 2913 1361 2984 Latinorum

382 3025 660 3124 Graecorumque
670 3025 876 3119 multitudo,
889 3028 1000 3098 Serm.
1014 3029 1037 3098 8
1056 3023 1100 3095 de
1117 3021 1244 3094 Verbis
1260 3022 1361 3094 Dom.

381 3134 430 3220 sic
456 3137 673 3236 apertissime
698 3135 875 3235 loquitur:
902 3140 933 3209 si
957 3134 1065 3207 domo
1092 3160 1166 3206 non
1188 3137 1358 3230 periisset,

371 3245 497 3350 'Filius
523 3244 679 3319 dominis
704 3273 780 3319 reon
806 3250 962 3320 vertisset.
981 3247 999 3284 *

420 3569 428 3585 ⁰
445 3571 489 3622 SS.
508 3570 610 3621 Parrum
627 3570 697 3622 dietis
714 3573 764 3622 vim
781 3573 869 3624 Scotus
886 3590 943 3624 curn
960 3577 1011 3624 suis
1026 3572 1108 3637 niiert,
1121 3575 1180 3636 vim,
1193 3575 1289 3640 opinor,
1303 3573 1359 3623 saa-

379 3681 428 3727 111,
445 3664 586 3730 Neclentus,
605 3663 709 3732 salazar,
727 3668 784 3717 dum
803 3668 964 3732 contendunt,
981 3666 1033 3718 hnc
1048 3668 1205 3734 intelligenda
1222 3682 1284 3731 esse,
1296 3665 1361 3736 quod

376 3759 489 3811 Christus
505 3763 567 3810 eitra
583 3769 711 3828 peceatum
728 3761 842 3827 hominis,
854 3779 904 3813 nun
923 3763 1021 3831 quidem
1038 3765 1064 3812 in
1081 3779 1154 3812 cartre
1168 3761 1301 3829 passibili,
1318 3761 1360 3811 sed

377 3860 403 3906 in
415 3854 565 3922 impassibili
579 3857 742 3906 adventasset.
755 3857 823 3907 Hanc'
834 3860 900 3906 eninr
911 3855 951 3907 itte
962 3859 1194 3925 ¹interpretationem
1206 3859 1254 3906 aeri
1265 3857 1360 3922 iugenio

376 3952 489 4019 procudit
506 3967 567 4017 suo,
584 3967 658 4018 quarn
680 3952 781 4003 minirum
797 3967 884 4002 eorum
906 3953 1033 4019 patiamur
1056 3949 1153 4002 oracula
1173 3950 1284 4016 Petrum,
1306 3965 1360 4017 quas
