2708 4800
251 433 293 480 na
318 430 405 481 vana
431 429 561 479 canisri
587 429 858 479 sanemarium
957 406 1047 500 Ι173
1078 471 1082 476 .

56 519 141 594 idea
166 514 378 618 expulsanda
402 541 484 591 veru
508 513 707 607 satisfactio,
724 541 791 614 qua
816 517 900 588 novi
929 517 1049 591 resa,

55 635 172 708 menti
180 629 365 716 mediator,
381 629 499 716 Jesus,
515 629 710 700 humanum
727 653 838 727 genus
850 642 924 702 tam
938 645 1037 729 gran·

57 742 96 815 di
119 739 270 814 redemit
295 737 409 811 soluto
434 738 549 839 pretio
575 738 751 838 sanguinis
773 737 938 840 necisque
964 764 1040 815 οτιι·Ι

60 845 166 943 antra}
193 852 290 950 cujus
315 848 469 948 quidem,
494 877 514 921 a
540 875 576 921 se
598 850 671 949 jani
698 848 811 942 factae,
832 842 1046 952 redemptio·

59 967 117 1039 nis
140 962 248 1036 fidem
273 989 333 1034 sua
359 961 441 1034 dein
465 961 719 1035 resurrectione
737 962 967 1046 confirmavit.
1047 1027 1049 1030 Α

114 1075 263 1172 Urgent.
287 1073 358 1147 Nos
383 1072 421 1143 in
449 1070 469 1141 3
497 1069 542 1141 ad
565 1071 666 1142 Rom.
685 1068 835 1142 dicimur
851 1096 871 1141 a
889 1059 965 1142 Deo
978 1070 1045 1164 ju-
1096 1152 1100 1158 ι

61 1181 204 1276 stificati
227 1183 336 1277 gratis
358 1204 425 1277 per
454 1181 608 1275 gratiam
634 1181 742 1276 ipsim
755 1207 773 1266 ,·
807 1178 867 1277 qui
892 1178 978 1248 item
1003 1179 1042 1249 in

61 1288 251 1389 Scripturis
284 1286 498 1388 praedicatur
527 1286 571 1358 ad
604 1303 747 1386 peccata
783 1289 889 1386 gratis
916 1284 1044 1359 condo·

62 1399 178 1473 nanda
203 1400 498 1501 promptissimus,
525 1398 634 1500 semel
659 1425 700 1471 ac
724 1417 888 1499 peccator
909 1399 1048 1472 veniam

10 1589 13 1592 ,
60 1511 270 1612 poenitentia
288 1508 413 1583 ductus
430 1509 616 1609 efflagitet:
644 1536 739 1609 ergo,
756 1513 823 1582 nisi
838 1511 909 1583 lato
927 1527 963 1582 et
979 1512 1043 1602 irn-

60 1620 208 1721 proprio
242 1617 350 1691 mado
376 1636 533 1690 sumatur
559 1619 689 1692 Christi
715 1618 936 1717 redemptio,
971 1620 1048 1691 haec

49 1728 208 1800 'infinitae
233 1729 479 1801 misericordiae
506 1728 698 1828 derogaret.
716 1704 759 1824 Id
777 1729 818 1800 N.
837 1735 1046 1825 consequen-
1092 1791 1093 1794 ,

35 1930 38 1937 ,
63 1841 162 1911 tiam.
172 1839 267 1912 Dum
277 1839 426 1939 superbe
435 1858 471 1913 et
481 1843 616 1914 curiose
626 1842 695 1914 Dei
703 1838 885 1936 magnalia
899 1853 1055 1936 scrutan-⁸>

64 1946 135 2038 tur,
155 1961 199 2018 en·
217 1961 256 2018 ut
279 1949 456 2020 'Sociniani
481 1974 660 2048 oppressos
678 1975 699 2022 a
715 1949 828 2046 gloria
855 1949 1064 2044 majestatis¹

62 2071 261 2155 sponteque
284 2083 395 2129 caecos
413 2084 449 2130 se
466 2056 628 2158 prodant.
653 2060 719 2131 Dei
744 2058 855 2130 nostri
871 2057 981 2154 gratia
999 2071 1048 2127 at·

62 2179 132 2264 que
148 2166 284 2237 infinita
297 2166 530 2240 misericordia
543 2167 741 2240 nullatenus
753 2167 984 2257 imminuitur,
997 2179 1049 2236 ast
1125 2247 1128 2250 Α

62 2279 175 2376 magis
188 2280 368 2377 magisque
386 2279 655 2352 commendatur
672 2307 736 2380 par
751 2271 820 2352 hoc
837 2303 933 2369 sane,
952 2272 1049 2375 quod

46 2384 158 2466 Deus
186 2389 339 2485 gratuito
364 2388 525 2462 liberavit
550 2417 615 2463 nos
650 2388 693 2460 ab
724 2413 831 2461 onere
862 2384 1047 2489 condignae

34 2499 36 2504 ’
63 2494 317 2588 satisfactionis,
343 2513 378 2568 et
403 2499 493 2572 Filio
519 2525 582 2572 suo
608 2525 680 2572 non
706 2497 884 2597 pepercit,
902 2493 1047 2594 sedpro

61 2602 166 2676 nobis
191 2604 354 2676 omnihus
376 2607 520 2680 tradidit
534 2610 573 2677 in
589 2607 842 2693 vadimonium3
860 2607 909 2676 ita
927 2619 966 2673 ut
983 2629 1051 2703 per

62 2713 167 2811 hujus
192 2713 327 2804 merita,
353 2739 396 2784 ex
421 2715 529 2814 ipsius
554 2715 619 2784 Dei
647 2715 778 2811 gratia,
803 2713 1046 2784 remissionem

64 2840 294 2926 peccatorum
320 2825 453 2896 sincera
480 2825 687 2925 poenitentia
714 2848 980 2920 consequamur.
1005 2821 1047 2893 In

65 2941 133 3012 hac
154 2934 302 3034 *quidem
322 2934 588 3036 'dispensatione
614 2933 850 3008 misericordia
880 2936 946 3006 Dei
976 2958 1048 3009 non

64 3045 331 3146 pessumdedit,
355 3073 422 3119 nec
457 3049 589 3120 amovit
609 3047 801 3147 justitiam,
837 3044 899 3116 sed
929 3042 1046 3116 divine

65 3183 209 3258 prorsus
234 3158 474 3230 misericordia
501 3173 535 3230 et
566 3161 689 3230 veritas
715 3155 943 3228 obviaverant
967 3153 1048 3240 sibi,
1086 3163 1091 3172 '
1148 3151 1150 3154 ⁴

54 3268 202 3364 justitia
220 3280 253 3337 et
263 3291 347 3362 pax
365 3268 532 3340 osculata
559 3281 652 3339 sunt.
669 3265 774 3340 Unda
785 3280 982 3362 >utrumque
1000 3263 1050 3338 sic

10 3396 29 3411 ·‘
67 3374 244 3475 colligavit
260 3376 465 3476 Apostolus:
481 3377 675 3476 justificati
689 3366 797 3472 gratis
812 3378 1051 3473 pergratiam

67 3490 190 3584 ipitius,
208 3513 278 3584 per
304 3488 580 3586 redemptionem
605 3515 683 3586 quta
709 3480 760 3560 est
776 3490 815 3560 in
836 3485 973 3559 Christo
992 3487 1048 3558 Je-

68 3623 129 3684 su,·
154 3624 249 3689 nam,
272 3625 296 3669 o
323 3602 471 3699 sapiens,
497 3597 710 3690 admirabilis
737 3599 949 3686 oeconomia!
968 3621 1053 3693 pro·

59 3711 276 3808 priam'ipse
294 3713 431 3784 Filium
450 3713 608 3809 pretium
641 3709 886 3806 redemptionis
909 3733 975 3806 pro
993 3731 1053 3779 no·

68 3816 123 3890 bis
140 3818 244 3907 dedit,
260 3818 374 3919 inquit
392 3823 413 3894 J
415 3823 550 3895 ustinus
568 3820 666 3921 epist.
685 3817 729 3890 ad
745 3820 970 3919 Diognetum.
989 3817 1051 3889 At·
