2908 4962
301 526 343 574 ns
361 524 462 580 uaros
476 525 566 576 runs.
585 497 972 576 cenomannensium
1024 505 1119 582 ..tm

140 610 295 711 ‚perdiu
320 613 395 684 neri
419 610 490 684 liar
515 612 722 707 incorrupto
745 599 923 683 miscetur.
949 612 1125 702 Quodau·

150 735 223 796 tem
248 717 295 794 ad
318 721 554 818 hosspectat,
580 743 663 790 cum·
688 718 824 818 scripsit
849 720 1017 813 Justinus,
1042 723 1126 795 ller-

148 827 235 902 bum
257 856 331 902 esso
357 855 498 903 carnem
519 829 661 920 factum,
679 831 768 902 sicut
784 830 821 900 in
837 830 1127 933 Eucharistiapa-

138 941 206 1024 „nis
227 944 268 1014 fit
292 966 373 1014 caro
400 941 539 1029 Christi
565 939 632 1012 sibi
656 939 777 1033 voluit,
794 939 889 1039 quod
901 941 1062 1018 >Verbum
1079 944 1127 1016 sa-

139 1067 246 1136 „ctum
272 1053 316 1124 sit
340 1077 422 1126 caro
451 1051 612 1142 realiter,
637 1053 883 1151 assumptione
900 1054 1126 1130 humanitatis

144 1163 186 1234 in
210 1164 336 1256 Deum,
361 1161 660 1260 quemadmodum
685 1165 786 1264 panis
811 1166 851 1238 fu
876 1163 1014 1238 realiter
1032 1167 1128 1240 Chri·

148 1277 191 1348 sti
202 1276 347 1376 Corpus
363 1272 741 1358 transubstantiatione:
760 1291 796 1346 et
813 1276 863 1348 sic
880 1276 917 1346 in
934 1302 983 1368 re,
1000 1303 1073 1354 nou
1089 1277 1128 1350 in

142 1385 257 1462 modo
283 1383 475 1474 similitudo
501 1383 602 1458 valet.
629 1385 721 1458 Cum
742 1412 829 1458 vero
855 1385 1070 1462 Athanasius
1091 1390 1129 1460 in

150 1497 319 1596 Symbolo
345 1497 405 1586 ait,
420 1499 513 1568 sicut
532 1499 655 1568 anima
674 1497 855 1570 rationalis
871 1514 906 1570 et
930 1523 1014 1572 euro
1031 1526 1129 1574 unus

150 1625 201 1682 est
231 1606 354 1694 bomo,
380 1610 429 1678 ito
454 1608 552 1679 Deus
578 1621 612 1678 et
636 1604 744 1678 homo
771 1633 866 1682 unias
882 1624 933 1682 est
956 1608 1131 1697 Christus,

144 1744 225 1816 ‚quo
242 1714 403 1814 exemplo
421 1730 568 1786 utuntur
585 1716 813 1811 Augustinus,
835 1716 986 1814 Cyrillus
1004 1718 1131 1816 aliique

145 1828 339 1919 Doctores,
365 1824 448 1896 lacit
472 1825 508 1895 in
535 1826 603 1897 hoo
628 1826 949 1924 comparationem,
973 1825 1070 1898 haud
1094 1828 1131 1898 in

151 1937 314 2011 omnibus
340 1935 544 2034 sugendam,
561 1934 658 2033 quod
678 1938 773 2008 ,sicut
790 1963 833 2008 ex
850 1937 978 2008 unione
1005 1939 1132 2011 anona

151 2061 188 2118 et
213 2045 368 2144 corporis
393 2072 462 2116 uua
488 2061 609 2116 natura
637 2043 761 2128 totalis,
779 2043 823 2118 ad
848 2071 954 2142 quam
972 2047 1133 2118 essentia·

143 2153 229 2226 liter
254 2149 470 2243 ordinantur,
496 2180 563 2223 una
589 2179 748 2253 persona,
777 2180 867 2226 unus
896 2157 1004 2227 bomo
1029 2153 1133 2228 dinsa

153 2281 225 2356 nat;
251 2265 299 2334 ita
326 2289 394 2334 una
418 2265 462 2336 in,
482 2265 622 2338 Christo
652 2290 801 2363 persona
814 2319 824 2356 ,
851 2281 945 2346 unus·
974 2267 1133 2338 Christus

151 2399 196 2444 ex
214 2373 370 2444 unitione
396 2372 576 2446 resultavit
601 2373 734 2446 divinae'
751 2391 788 2446 et
807 2377 970 2448 humanae
988 2393 1135 2469 naturae,

152 2509 255 2582 quae,
281 2509 363 2555 cum
387 2485 459 2556 sint
483 2485 521 2556 iu
545 2502 667 2557 natura
695 2486 901 2587 completae,
925 2489 961 2560 in
988 2472 1151 2562 totalem*

147 2620 259 2668 :uuam
284 2593 476 2668 coalescere
501 2613 690 2694 nequeunt.
709 2598 884 2698 xDenique
911 2599 967 2672 alii
991 2603 1133 2690 Patres,

142 2702 239 2780 dum
264 2705 381 2776 nriuus
406 2721 487 2804 apte
513 2710 715 2778 mixturam
741 2710 811 2780 Dei
835 2725 868 2781 et
893 2707 1049 2780 bominis
1070 2707 1133 2778 ad-

142 2831 302 2908 struunt,
327 2842 399 2888 non
424 2818 565 2916 'proprie
591 2816 679 2888 illud
705 2835 874 2917 usurpant
899 2835 1029 2890 nomen
1048 2820 1135 2916 ejus-

155 2953 223 3025 que
249 2924 384 3014 similia,
410 2927 508 3022 quasi
533 2925 672 2998 faveant
686 2927 889 3025 Eutycheti;
907 2925 967 2996 sed
985 2951 1023 2995 ea
1042 2949 1135 2997 usur·

144 3051 301 3135 pantes,
327 3033 467 3132 quaudo
501 3034 551 3106 nil
577 3033 723 3134 periculi
749 3050 845 3126 erat,
877 3037 1135 3134 hypostaticam

152 3171 396 3241 summamque
414 3146 449 3214 in
469 3145 609 3217 Christo
637 3146 802 3216 unionem
828 3143 977 3216 duarum
1003 3159 1136 3216 natura·

155 3279 246 3344 rum,
272 3269 442 3350 quatenus
468 3251 624 3324 Verbum
650 3268 783 3323 naturae
801 3254 963 3324 humanae
985 3249 1137 3348 singulas

121 3375 125 3384 '
153 3363 298 3434 immeat
333 3389 524 3460 omnesque
558 3379 697 3462 partes,
722 3363 899 3434 ostendere
925 3360 1137 3447 studebunt,

152 3475 268 3571 inquit
293 3475 328 3544 iu
355 3472 430 3544 Lib.
457 3475 620 3549 adversus
645 3475 859 3546 Nestorium*
881 3472 1031 3544 Nestorii
1057 3471 1137 3542 ntal-

129 3582 241 3674 ,leus,
268 3583 419 3682 Cyrillus
444 3583 711 3656 Alexandrinus.

112 3739 116 3744 -
207 3696 386 3767 Insistunt.
414 3693 566 3792 Cyrillus
591 3696 627 3766 in
652 3697 720 3793 Ep.
738 3692 782 3765 ad
800 3694 1005 3764 Successum
1025 3707 1061 3760 et
1076 3687 1135 3760 lib.

157 3809 173 3876 l
207 3805 250 3878 de
268 3804 353 3878 Fide
376 3805 422 3876 ad
438 3806 586 3903 lleff'nas
603 3829 719 3876 uonrre
736 3799 1136 3897 luculenterEutyclreti

113 3953 115 3959 s
145 3915 421 4018 ‚patrochraturl
446 3891 489 4012 ll.
516 3915 702 3990 Damnavit
718 3914 846 4007 immo,
858 3913 1004 4010 ejusque
1017 3907 1135 3978 delira·
