2908 4962
394 447 442 520 82
484 435 490 445 ’
654 463 717 512 un
741 462 779 512 tv
804 457 970 508 sections
996 459 1008 503 ι
1033 459 1064 506 c.
1088 459 1115 506 u

386 556 462 628 aliis
487 553 602 624 taven
627 547 813 637 videntur,
837 544 1081 642 intelligendos
1111 567 1186 636 esse
1211 543 1368 616 animad-

384 681 500 742 vertas
525 661 570 733 de
595 658 662 730 alio
686 655 958 728 extraordinario
993 654 1159 745 decreto,
1184 653 1283 751 quod
1310 655 1367 726 edi

387 803 407 846 a
432 774 508 845 Deo
533 769 724 868 potuisset:
750 764 832 836 illos
861 781 1002 854 autem,
1032 763 1117 836 dum
1152 761 1369 860 refragantes

388 895 570 983 apparent,
586 876 630 948 de
655 876 778 973 majori
803 875 1022 970 congruitate
1046 898 1087 944 ac
1111 874 1268 972 potentia
1299 873 1370 942 Dei

383 991 558 1068 ordinaria
583 1004 620 1060 et
630 989 704 1086 jam
729 983 958 1056 manifestatae
970 985 1116 1082 justitiae
1142 983 1290 1081 legibus,
1307 1003 1371 1057 aut

383 1106 431 1178 de
451 1100 616 1204 prasenti
640 1121 759 1168 rerum
784 1110 878 1165 statu
903 1110 940 1164 et
964 1093 1099 1185 ordine,
1116 1119 1157 1165 ac
1174 1092 1219 1164 de
1236 1121 1369 1193 propo-

386 1215 454 1284 sito
479 1209 607 1282 divine
632 1204 843 1294 voluntatis;
867 1204 905 1273 in
930 1228 1000 1299 quo
1025 1203 1121 1272 Deus
1145 1217 1370 1294 accuratam,

385 1335 428 1394 ut
450 1333 502 1392 est
524 1317 566 1388 dc
579 1313 672 1406 fide,
696 1315 745 1383 ait
769 1313 914 1402 Boueat
939 1338 1011 1384 suae
1034 1310 1127 1382 laesae
1147 1310 1292 1408 justitie
1318 1335 1370 1380 re·

385 1429 652 1528 integrationem
677 1423 1019 1522 satisfactionemque
1045 1421 1210 1514 decrevit,
1226 1421 1274 1492 ad
1289 1423 1368 1492 stri·

384 1526 530 1638 ctosque
550 1538 638 1636 juris
662 1537 778 1635 apices
803 1535 929 1633 exegit.
1045 1589 1049 1596 .

436 1654 477 1722 4⁰
502 1652 625 1746 Itaque
650 1674 693 1719 eo
718 1647 860 1720 decreto
893 1644 1051 1747 spectato
1080 1646 1179 1716 etin
1203 1647 1270 1716 hac
1295 1643 1368 1716 sola

386 1763 575 1864 hypothesi
600 1759 784 1857 condignae
802 1775 839 1831 et
855 1774 1025 1831 accuratae
1050 1757 1294 1831 satisfactionis
1309 1784 1366 1828 ne

388 1875 534 1948 cessaria
552 1871 617 1942 suit
631 1872 829 1942 lucarnatio
844 1869 924 1941 Filii
940 1871 1016 1961 Dei,
1033 1885 1074 1940 ut
1090 1885 1212 1966 quarta
1229 1867 1366 1940 eadem-
1435 1891 1436 1916 ¹

386 2011 455 2084 que
489 2009 570 2060 vera
595 1998 828 2072 cunctorum,
852 2006 919 2082 pro
943 1983 1010 2054 hac
1045 1981 1168 2051 saltem
1194 1979 1367 2052 ordinaria

384 2120 505 2165 rerum
531 2091 771 2191 dispositione,
796 2091 864 2162 fert
888 2092 1059 2163 sententia
1084 2089 1367 2188 Theologorum3

387 2229 493 2302 quam
510 2228 596 2274 mox
611 2203 728 2305 primo
746 2201 970 2286 versabimus.
988 2235 1023 2268 ι-ι
1036 2202 1124 2274 Nam
1143 2200 1271 2273 exinde
1287 2217 1370 2300 post
1435 2261 1436 2268 ,

386 2313 537 2412 ptimam
564 2311 607 2382 de
633 2313 849 2386 Necessitate
874 2314 1154 2412 Propositionem
1180 2327 1297 2412 sparta
1315 2338 1368 2384 or-

388 2417 504 2490 nanda
531 2420 598 2490 erit
622 2418 687 2490 alia
704 2419 749 2490 de
768 2419 892 2493 causis
908 2421 1170 2494 Incamationis.
1195 2423 1307 2494 Porm
1324 2420 1368 2492 de

387 2529 483 2603 finali
512 2557 613 2602 causa
638 2530 754 2622 iltius,
778 2557 916 2604 necnon
942 2531 986 2604 de
1016 2535 1195 2606 meritoria
1220 2535 1368 2630 quaestio

385 2639 597 2712 instituetur.
621 2641 674 2712 De
700 2641 873 2713 effectriee
890 2645 1023 2714 etenim
1040 2668 1148 2716 nemo
1171 2659 1369 2715 controver-

386 2770 503 2826 satur:
528 2779 611 2823 nam
626 2753 703 2852 fide
728 2770 864 2825 certum
891 2755 1278 2854 exploratissimumqne
1304 2769 1369 2843 est,

388 2889 433 2934 ex
458 2859 625 2961 eoquod
650 2863 741 2936 unio·
757 2864 988 2962 hypostatica,
1005 2877 1145 2961 sumpta
1161 2887 1228 2962 pro
1245 2862 1369 2933 unitio·

387 2999 453 3064 ne,
477 2988 539 3042 aut
562 2973 725 3072 proprius
750 2974 842 3046 actio
868 2972 1073 3072 productiva
1098 2971 1211 3042 etsie
1236 2971 1367 3042 unitiva
1437 2985 1438 3004 ¹

387 3085 614 3155 humanitatis
640 3099 781 3181 superet
797 3086 913 3155 omnis
938 3109 1050 3156 causae
1067 3081 1192 3156 creat'ae
1218 3079 1367 3153 efficien-

388 3197 499 3284 tiam,
525 3193 644 3290 sitque.
663 3195 812 3291 ipsamet
837 3220 927 3294 opus
951 3195 999 3266 ad
1022 3211 1154 3281 extra,
1179 3193 1292 3266 solam
1317 3209 1367 3264 to·

390 3317 531 3398 tamque
558 3301 773 3372 Trinitatem·
792 3327 932 3373 cansam
958 3329 1033 3374 esse
1049 3302 1306 3374 lucarnationis
1322 3297 1367 3369 es-

388 3415 575 3504 ficientem3
602 3439 684 3484 cum
710 3413 848 3486 divinus
872 3417 908 3488 in
935 3442 976 3488 ea
991 3415 1100 3488 Filius
1118 3415 1163 3485 sit
1183 3413 1277 3485 solus
1293 3413 1367 3510 ipse

388 3525 610 3624 principium,
635 3541 796 3625 respectu
822 3527 974 3626 propriae
1000 3525 1103 3600 dictae
1133 3526 1283 3616 unionis,
1308 3527 1367 3594 hu·
1437 3593 1438 3600 ,

387 3659 528 3705 manam
543 3634 734 3734 ¹complens
759 3638 1021 3735 terminansque
1047 3653 1221 3707 naturam.
1283 3731 1285 3734 Ι
1350 3659 1353 3674 i

436 3773 550 3838 l’ROP.
575 3775 597 3839 1.
623 3776 727 3851 Quum
751 3774 858 3839 nullus
882 3795 981 3860 purus
1005 3775 1102 3840 homo
1126 3774 1176 3840 vel
1205 3772 1365 3858 Angelus,

385 3887 647 3962 quantacumque
671 3877 848 3960 gratiarum
865 3876 1077 3962 suppeltectili
1095 3877 1282 3955 adornatus,
1309 3891 1365 3961 pro
