2932 4970
362 506 406 554 ns
431 507 583 555 necessu
609 503 741 557 cnrrsn
999 481 1046 563 33

107 598 169 670 Ill.
195 592 290 668 Non·
311 592 481 692 baptizati
497 596 664 692 iusuper,
680 597 758 666 sive
775 593 932 692 infideles
955 604 1026 674 sint
1035 623 1057 691 ,¹

55 714 129 784 sive
155 709 263 780 etiam
287 703 563 793 'Gotechumeni
587 709 651 804 qui
676 706 835 780 videlicet
850 710 899 780 ad
921 709 1049 810 baptis-

55 843 163 890 mum
188 815 445 913 disputationem
463 830 503 887 ut
520 818 652 888 notorii
677 841 816 916 quoquo
832 815 1061 893 excommun
1111 895 1113 902 Α

55 928 171 1000 nicaei
197 925 577 998 excommunicatione
604 927 734 1023 umjori
746 981 760 1013 ‚
785 924 856 1024 (de
886 953 956 1026 qua
981 951 1058 1003 nos·

53 1036 117 1110 ubi
136 1035 180 1109 do
199 1035 367 1107 Censoris
375 1036 400 1131 )‚
417 1051 523 1107 extro
540 1059 670 1134 corpus
687 1037 856 1132 Ecclesioe
873 1041 1057 1114 exnunc*

52 1147 203 1226 Etenim
229 1167 302 1217 non
327 1143 522 1244 baptizatos
547 1141 705 1216 infideles
726 1144 832 1244 longe
858 1143 902 1217 sb
927 1147 1057 1220 Eudo-³
1145 1145 1147 1156 ’

52 1258 103 1330 sia
131 1255 284 1348 exulare,
309 1253 436 1355 probat
467 1254 789 1354 splendidissimum
810 1255 860 1328 od
885 1283 945 1330 eos
971 1261 1060 1330 utti-¹

53 1396 147 1442 nens
171 1367 270 1441 Pauli
296 1369 364 1466 Ap.
391 1366 571 1465 eloquium
599 1370 613 1439 l
648 1368 732 1441 Cor.
759 1367 793 1460 5,
818 1369 906 1467 quid
928 1367 1020 1443 miti
1032 1399 1058 1460 ,·

54 1482 117 1572 uit,
133 1479 177 1551 de
193 1477 260 1566 -iis',
284 1481 347 1576 qui
359 1476 460 1575 fieris
486 1493 584 1566 sunt,
597 1477 797 1576 judicare?
813 1481 895 1580 quis
918 1508 1048 1582 oggan-

52 1591 154 1684 niut,
171 1617 225 1662 ex.
244 1614 315 1686 gn,
332 1589 487 1661 Turnum
513 1590 825 1683 Muhumetanum‚
850 1618 955 1665 suum
981 1621 1060 1668 ceu»

53 1702 182 1792 filium,
207 1698 330 1770 matris
354 1697 522 1772 Ecclesiae
548 1699 627 1770 sinu
652 1698 855 1774 confoveri?
881 1703 1061 1780 Gntechu··

52 1810 156 1882 meni
182 1809 289 1880 etiam
314 1833 387 1880 non
413 1822 496 1880 sunt
520 1809 663 1908 proprie
689 1823 726 1879 et
750 1823 830 1881 ectu
853 1809 949 1882 intro
983 1813 1048 1884 Ec·

22 1971 23 1976 κ
54 1921 213 2014 clesinm,
239 1920 319 2019 quia
344 1919 504 1992 nondum
530 1921 569 1992 in
594 1945 673 1991 eum
694 1919 865 2019 ingressi,
889 1922 1061 1996 nondum·

54 2031 255 2130 consignati
281 2031 477 2108 christianae
502 2029 585 2103 fidei
611 2033 850 2123 sacramento,
866 2031 1050 2135 Baptismo

55 2167 200 2242 nempe,
226 2142 288 2241 qui
313 2156 367 2212 est
392 2141 633 2243 exscriptum
660 2157 697 2213 et
717 2139 872 2214 Florent
888 2142 1050 2215 Concilio

56 2255 135 2324 niue
160 2251 352 2348 spiritualis
366 2255 506 2349 janua,
533 2253 739 2353 peripsum
766 2251 862 2324 enim
880 2249 1048 2323 membro

57 2358 253 2447 Christian
271 2360 313 2435 de
331 2385 477 2459 corpore
503 2359 685 2463 efficimur
700 2359 877 2435 Ecclesioe.
893 2359 946 2431 Ita
965 2384 1048 2433 cum

54 2472 286 2564 Nazianzeno,
299 2471 566 2572 Chrysostomo,
579 2471 727 2571 Cyrillo,
740 2471 958 2544 Tertulliano
974 2469 1047 2572 plu·

58 2580 226 2680 ribusque
253 2580 329 2652 aliis
346 2597 382 2652 et
399 2605 481 2652 curn
497 2580 711 2653 Bellarmiuo
728 2580 960 2653 communius.
976 2580 1049 2654 Nec

58 2706 194 2776 movet,
208 2689 306 2788 quod
321 2691 578 2762 ¹(lntochumeui
595 2689 757 2764 dicantur
774 2687 934 2761 membru
953 2689 1050 2761 Chri·

56 2804 113 2893 sti,
140 2819 178 2874 et
203 2802 327 2875 salvari
351 2803 512 2902 possint,
537 2804 567 2872 si
593 2817 674 2872 onte
706 2802 965 2900 susceptionem
990 2802 1061 2870 Ber-¹

57 2914 236 3013 ptismutis
263 2915 500 2985 emoriantur:
526 2913 609 2984 ideo
643 2935 727 2982 nam
756 2911 841 3011 ipsis
866 2911 959 2982 sulus
991 2909 1063 2983 obn

59 3026 178 3124 tingit,
204 3027 286 3124 quio
313 3051 378 3125 per
403 3023 510 3097 fidem
537 3050 579 3098 ac
603 3049 707 3124 spem
732 3039 769 3094 et
785 3021 979 3122 perlectum
996 3047 1051 3094 ca·

61 3140 228 3228 ritatem,
254 3163 337 3210 cunr
363 3152 447 3211 voto
472 3136 667 3237 Baptismi,
693 3149 860 3233 tanquam
891 3133 1063 3206 membru‘

61 3247 132 3320 lato
158 3273 263 3319 sensu
289 3273 321 3318 a·
336 3247 478 3320 Christo
504 3247 617 3347 capite
642 3247 854 3346 participent
878 3241 1060 3316 influxum-

62 3357 140 3430 vitae
166 3356 457 3456 supernaturalis,
483 3372 520 3428 et
545 3357 595 3429 sic
619 3357 729 3430 vitum
755 3381 897 3454 quoque
923 3356 1061 3455 sempi··
1145 3375 1149 3382 ·

63 3481 202 3537 ternam
227 3465 381 3538 nancisci
407 3483 567 3568 possunt3
593 3465 676 3538 licet
693 3464 738 3538 od
754 3465 950 3538 Ecclesiam
966 3491 1049 3537 non·

63 3575 125 3646 nisi
150 3575 322 3676 pollentia
347 3578 519 3677 proxima,
545 3591 670 3676 utpote
696 3574 788 3647 illius
812 3577 850 3646 in
876 3573 1049 3648 vestibulo

66 3702 205 3779 stantes,
222 3704 282 3760 aut
299 3688 522 3762 solummodo
548 3689 666 3788 quoad
682 3687 773 3762 illius
799 3690 951 3761 animum
973 3713 1062 3790 per·-

69 3797 223 3890 tineant,
249 3799 329 3896 quia
355 3799 496 3872 Christo
522 3825 586 3900 per
612 3799 786 3901 baptisma
820 3799 973 3872 necdum
999 3799 1051 3868 in·

69 3913 170 4005 serti,
198 3910 352 3986 necdum
375 3911 552 4004 ‚Ecclesiae
585 3913 720 4014 judicio
757 3911 913 4013 subjecti.
931 3943 980 3971 -·-·
997 3911 1050 3983 De
