2932 4970
376 470 423 552 50
720 484 870 536 ossanna.
896 479 1018 530 anona.
1046 479 1053 498 ³

374 565 466 670 rum,
491 573 730 676 suppressioni
755 578 1008 642 consenserunt
1026 567 1129 651 uocis
1148 584 1296 658 apotome,
1317 580 1368 652 ξω

375 693 417 778 ti,
434 713 508 762 nou
525 686 728 760 curandum
746 686 788 757 dc
807 684 992 772 vacabulo,
1013 708 1100 757 cum
1124 713 1252 762 sensus·
1275 707 1368 764 essct

373 802 411 876 in
438 813 525 870 tuta.
541 796 603 888 At,
619 811 726 895 prout
743 810 844 866 antea
861 792 942 866 fidei
959 793 1152 868 medullam
1168 825 1214 872 ne
1239 799 1368 876 leviter

375 906 522 1008 quidem
546 907 668 981 vitiare
686 903 884 997 voluerunt,
901 905 952 977 sic
977 918 1098 1003 postea
1124 923 1245 979 contra
1271 909 1369 980 Aria·

375 1042 508 1094 norum
531 1015 652 1088 lucum
678 1039 885 1115 sparsosque
919 1040 1079 1090 rumores
1107 1017 1367 1092 reclamarunt:

376 1144 419 1201 ut
442 1127 540 1202 idem
565 1125 812 1200 Stndoniensis
837 1126 972 1200 Doctor
998 1145 1034 1202 et
1059 1155 1103 1203 ex
1128 1155 1171 1204 eo
1196 1131 1370 1231 Yprensis
1458 1151 1459 1168 ³

376 1241 559 1315 lansenius
585 1255 744 1332 enarrat3
772 1238 823 1311 uti
849 1265 888 1310 ea
907 1265 1050 1341 quoque
1066 1244 1119 1316 rei
1146 1244 1370 1344 expositione

379 1353 653 1444 Thomassinus,
678 1353 824 1425 Dissert.
848 1350 943 1423 Vde
962 1354 1140 1446 Conciliis,
1165 1353 1370 1428 conflictan-

377 1465 426 1536 tia
442 1465 480 1536 in
506 1464 661 1564 speciem
687 1451 885 1534 Auctorum
903 1463 1215 1538 ecclesiasticorum
1242 1463 1287 1536 de
1303 1466 1370 1536 Pa-

377 1573 491 1648 tribus
516 1570 799 1646 Ariminensibus
816 1573 999 1644 enunciata
1017 1575 1212 1672 componit.
1237 1573 1317 1646 Non
1342 1574 1368 1644 i·

378 1685 472 1783 gitur
497 1683 625 1757 erravit
640 1680 797 1754 Ecclesia
813 1682 859 1752 ‘in
885 1680 965 1774 fide,
982 1705 1055 1754 non
1079 1681 1193 1776 latuit,
1209 1707 1283 1755 non
1308 1679 1366 1754 de

377 1795 462 1870 fecit
475 1795 550 1868 ullo
575 1792 693 1868 modo.
837 1825 839 1830 ·

428 1910 474 1982 II.
490 1908 659 2006 Namque
679 1903 811 1978 (lbristi
826 1906 951 1980 eadem
968 1905 1129 1980 Ecclesia
1154 1904 1369 1997 indefectibi-

379 2019 423 2093 lis
438 2033 504 2106 est,
517 2043 592 2091 non
603 2016 828 2091 solummodo
842 2016 963 2114 quoad
977 2019 1155 2104 animam,
1172 2015 1235 2088 sed
1248 2015 1371 2114 quoad

311 2139 313 2144 ’
378 2153 507 2228 corpus
523 2129 631 2202 etiam
648 2127 794 2216 visibile,
810 2129 944 2201 scilicet
969 2131 1008 2201 in
1026 2153 1114 2201 verce
1127 2127 1220 2222 fidei
1233 2127 1368 2226 profes·

378 2241 483 2313 sione.
502 2237 785 2336 eorumdemque.
802 2263 871 2310 usu
897 2237 1230 2326 Sacrameutorum,
1253 2239 1366 2336 lagiti-

379 2371 509 2445 maque
520 2349 691 2444 regimine
704 2348 906 2420 Pastorum:
924 2347 1022 2446 cujus
1034 2362 1197 2448 respectu
1211 2347 1369 2448 corporis

380 2469 463 2556 post
479 2456 613 2556 primos
626 2456 757 2528 Christi
771 2454 843 2530 500
862 2481 972 2528 annos
985 2454 1030 2526 ad
1046 2483 1150 2529 suum
1162 2484 1275 2556 usque
1291 2456 1369 2529 Cal-

300 2617 302 2620 -
379 2565 503 2639 vinum
528 2590 700 2664 suumque
725 2567 921 2638 Lutherum
945 2565 1140 2640 Ecclesiam
1175 2564 1371 2658 defecisse,

380 2673 738 2751 Pseudo-Reformeti
754 2677 984 2750 mentiuntur.
1002 2677 1108 2750 Ceste
1129 2673 1244 2751 divina
1269 2676 1372 2750 Chat
1458 2771 1459 2778 ἵ

383 2784 429 2856 sti
445 2782 751 2884 pollicitationon
778 2785 910 2858 deerit:
937 2801 977 2858 tu
991 2812 1029 2862 es
1047 2786 1186 2874 Patms,
1210 2801 1246 2858 et
1265 2811 1373 2885 super
1458 2801 1459 2890 j

381 2896 479 2971 banc
498 2912 640 2996 petram
657 2898 838 2996 aedificabo
857 2899 1058 2972 Ecclesiam
1078 2924 1211 2986 meam,
1234 2917 1271 2972 et
1288 2917 1371 2997 por·
1458 2897 1459 2908 ’

380 3026 427 3087 tac
450 3007 559 3107 infitri
571 3036 654 3096 ,raon
673 3010 918 3108 prevalebunt
941 3010 1107 3084 adversus
1129 3035 1237 3084 eam:
1262 3010 1367 3110 quod

377 3120 637 3218 -Spiritusipse
662 3120 807 3192 Domini
833 3118 1000 3218 praedixit
1024 3120 1143 3192 Iesaiae
1170 3121 1230 3212 6l,
1240 3120 1371 3214 foedus

376 3242 595 3326 perpetuum
607 3226 753 3322 feriam
778 3231 844 3317 eis;
862 3255 902 3300 ac
926 3230 1056 3300 iterum
1075 3232 1096 3301 2
1113 3227 1280 3316 Danielis,
1296 3253 1373 3301 sus,

383 3335 506 3412 citabit
521 3339 701 3410 Dominus
720 3337 808 3410 Coeli
824 3363 989 3435 regnum,
1009 3339 1108 3438 quod
1128 3342 1171 3412 iu
1196 3356 1371 3412 <eternum

356 3473 459 3544 non
485 3445 718 3546 dissipabitur.
751 3451 928 3540 Quocirca
943 3451 1050 3525 llier.
1075 3453 1113 3524 in
1139 3478 1170 3526 c.
1200 3453 1224 3523 4
1250 3445 1369 3526 Isaiae‘t

385 3549 492 3661 supra
510 3575 653 3660 petram
665 3560 830 3657 fundata
856 3562 1017 3637 Ecclesia
1043 3565 1146 3636 nulla
1168 3574 1370 3660 tempestate

385 3675 601 3761 aoracutitur,
626 3673 725 3746 nialla
752 3673 891 3745 turbine
918 3658 1096 3772 mirisque
1127 3671 1341 3760 subvertimur
1352 3701 1368 3760 ;

387 3801 423 3858 et
440 3784 643 3858 Ambrosius
660 3787 889 3887 quaestionem
907 3787 1015 3860 veluti
1032 3785 1232 3878 dissolvam,
1256 3811 1370 3857 casus-

387 3923 455 3996 que
481 3884 862 3982 teteraimosEbclesiae
880 3897 1085 3998 respicienm
1098 3921 1192 3996 quos
1205 3895 1368 3970 Haeretici
