2932 4970
371 502 423 578 4⁰
713 509 861 572 unsrun
885 513 1004 566 ruunt.
1045 527 1050 538 ·

373 637 410 686 sa
436 623 474 682 et
498 597 679 695 Ecclesia,
704 628 724 676 a
749 628 820 702 qua
845 600 993 704 proinde
1019 613 1207 676 extraneus
1233 593 1396 676 salvari

372 743 480 794 nemu
496 727 623 817 potest
639 709 779 787 Nedum
794 713 932 804 Patres,
949 709 1122 785 Catholici
1138 735 1267 784 omnes
1279 707 1397 808 ipsi-

371 854 452 929 que,
478 821 630 926 generali
655 821 779 896 saltem
805 823 952 896 unitatis
977 820 1138 914 notione,
1161 820 1395 894 Protestan-

371 955 436 1030 tes,
451 939 543 1013 bunc
567 960 642 1010 esse
660 960 750 1009 verae
766 933 934 1008 Ecclesiae
951 947 1131 1019 naturam,
1144 927 1394 1004 adseverant,

381 1105 397 1136 ,ι
422 1053 503 1126 Jnm
535 1065 634 1124 certo
666 1047 823 1124 Ecclesia
856 1049 1016 1122 Romano
1029 1090 1054 1104 -
1067 1044 1249 1120 Catholica
1282 1068 1392 1118 vere

375 1191 444 1238 nm
469 1179 535 1256 est,
560 1176 683 1260 estque
708 1161 866 1237 Romana
892 1156 999 1232 Sedes
1024 1174 1187 1232 centrum
1204 1156 1390 1230 unitatis:

251 1311 253 1316 ’
373 1278 454 1375 quia
479 1276 570 1350 sicut
595 1271 652 1346 illa
680 1271 865 1372 triplicem,
890 1297 998 1371 qnam
1015 1270 1088 1344 dixi
1103 1297 1230 1372 nuper,
1247 1269 1385 1342 unita·

377 1405 451 1462 tem
476 1384 591 1476 liabet3
607 1385 656 1458 ita
673 1385 751 1458 brec
762 1385 841 1484 jure
859 1381 977 1459 divino
994 1385 1187 1486 primatum
1206 1380 1385 1456 obtinuit

332 1566 336 1574 ,
372 1501 408 1576 in
434 1499 594 1574 universa
619 1494 789 1587 Ecclesia,
812 1521 894 1595 quae
910 1523 954 1568 en
970 1498 1122 1588 Irenaeo,
1140 1495 1383 1592 Hieronymo

270 1647 274 1658 ·
374 1605 520 1705 aliisque
547 1621 620 1678 tota
641 1605 680 1682 ,ei
704 1608 892 1678 convenire
918 1621 954 1678 ct
978 1606 1178 1680 consociari
1210 1618 1382 1678 tenetur,

376 1717 447 1790 Sed
472 1731 509 1792 et
534 1715 617 1794 sola,
632 1716 1022 1794 Romano-catholica
1035 1773 1046 1812 ,
1071 1716 1207 1791 novicio
1232 1715 1269 1786 in
1296 1715 1378 1788 To-

373 1827 563 1902 lerantium
589 1843 764 1927 conceptu
790 1827 1015 1903 distinctione
1049 1829 1180 1928 rejecta
1205 1824 1381 1898 articulo*

372 1957 452 2012 rum
487 1937 804 2020 fundamentalium
838 1955 875 2013 et
909 1966 981 2014 non
1015 1936 1377 2024 fundamentalinm,

369 2051 461 2130 hanc
485 2049 592 2130 habet
615 2051 787 2124 unitatem
816 2048 1080 2124 omnimodam:
1105 2069 1185 2147 quae
1215 2044 1379 2146 quidom'

245 2243 247 2248 ¹
372 2157 668 2246 scholasticorum
693 2157 977 2252 dissensionibus,
1002 2184 1091 2256 quas
1113 2155 1301 2230 Forbesius
1329 2169 1379 2224 eti

371 2263 528 2342 Pi'ctetus
553 2287 789 2368 exaggerant,
813 2272 960 2348 minime
986 2269 1232 2370 disrumpitur.r
1253 2268 1375 2340 Certo

372 2380 502 2452 certius
533 2407 616 2455 vero
647 2382 837 2456 Societates
867 2382 1154 2458 Acatholicorum
1185 2377 1302 2479 quoad
1329 2380 1371 2449 li·

373 2489 467 2582 dem,
484 2491 532 2572 iu¹
547 2488 701 2562 articulis
718 2491 824 2568 etiam
842 2491 1173 2580 fundamentalibus,
1190 2505 1226 2560 et
1244 2489 1369 2560 Sacra·

369 2614 488 2678 menta
505 2598 725 2698 disjiciuntur
741 2628 785 2674 ex
802 2603 962 2695 Bossuet,
978 2603 1126 2703 ipsoque
1145 2597 1372 2674 &huberto-:-

370 2723 476 2807 atque
502 2707 591 2782 adeo
616 2712 778 2812 turpiter,
803 2728 844 2784 ut
869 2738 965 2786 nunc
992 2711 1160 2812 temporis
1176 2733 1367 2782 numeren-

370 2833 429 2891 tur
447 2817 527 2892 lere
553 2836 698 2894 centum
724 2821 967 2898 diversissimae
994 2823 1130 2914 Sectae,
1156 2819 1247 2892 circa
1281 2814 1365 2888 sub·-

368 2932 532 3006 stentiam
558 2935 692 3008 mutuis
718 2935 850 3010 collisae
874 2921 1182 3024 contentionibus,
1212 2928 1256 3001 ab
1290 2920 1366 2999 uno

369 3045 528 3124 Luthcro
553 3047 778 3148 prodeuntes;
796 3075 837 3121 ac
853 3050 996 3148 penitus
1020 3049 1188 3148 inspectae
1210 3044 1372 3115 haereses·

370 3179 507 3246 omnes,
532 3156 569 3228 in
595 3154 717 3228 multis
743 3183 826 3229 cum
852 3157 1052 3230 auctoribus
1073 3159 1145 3230 suis
1161 3152 1362 3228 dissentien-

370 3279 436 3354 tes,
461 3291 505 3336 ex
531 3265 762 3358 Tertulliano,
786 3267 1112 3369 deprehendantur:
1131 3264 1228 3367 quod
1245 3267 1296 3357 fit,
1313 3261 1364 3336 a'it

368 3373 516 3474 pulchre
532 3374 764 3450 Bellarminus
780 3396 863 3480 post
879 3381 922 3454 D.
939 3379 1062 3454 Hilarii
1075 3377 1365 3455 'observationem-

367 3483 390 3556 Ι.
419 3481 438 3554 7
467 3483 511 3558 de
537 3485 720 3579 Trinitate,
745 3515 872 3588 magna
897 3488 1116 3591 providentia
1133 3489 1210 3579 Dei,
1235 3500 1276 3557 ut
1292 3485 1361 3556 hoc

366 3594 475 3670 modo
500 3599 650 3671 haercses
675 3599 804 3700 seipsas
829 3600 1024 3675 absumant.
1041 3647 1093 3660 -
1110 3603 1291 3674 Caeterum
1312 3592 1359 3666 A·

368 3705 497 3805 postoli
523 3706 642 3780 locum
668 3709 924 3809 percelebrem,
940 3713 977 3785 in
995 3741 1066 3813 qno
1088 3708 1289 3813 systematis
1305 3704 1359 3777 sui

366 3816 412 3890 de
438 3817 663 3894 admittendis
688 3821 863 3896 inunum
888 3824 1058 3900 Ecclesiae
1083 3847 1214 3924 corpus
1243 3819 1358 3892 Haere·
1427 3815 1430 3824 ’

365 3927 442 4004 ticis
467 3945 573 4035 atque
600 3931 838 4008 schismaticis
864 3933 995 4011 vallum
1022 3934 1223 4034 fossamque
1257 3950 1368 4027 repo:
