2942 4962
353 481 428 564 tlt
504 511 559 538 ·-··
630 513 634 522 ·
695 507 757 556 rra.
781 508 816 558 m
842 505 1012 556 manum.

351 599 576 676 annuorum
601 599 969 694 semicinctiommque
983 591 1097 686 Pauli,
1111 591 1189 664 Act
1203 592 1269 682 19,
1285 586 1332 662 act

350 711 462 786 solam
486 708 649 782 umbram
672 708 781 799 Petri,
806 705 886 779 Act
913 703 946 798 5,
971 705 1126 806 patratis,
1149 705 1254 775 Petro
1280 701 1334 774 sio

352 838 391 896 et
413 820 522 894 Paulo
547 843 737 918 eorumque
763 817 918 915 reliquiis
943 811 1253 889 conciliarevoluit
1269 810 1334 886 ob·

352 932 514 1030 sequium
527 928 541 1001 l

357 1038 464 1110 Ad
490 1041 578 1129 haec,
602 1059 673 1108 non
699 1033 876 1106 Abrabam
902 1031 1015 1104 solum
1042 1046 1078 1104 et
1103 1031 1247 1132 loseph,
1271 1027 1333 1102 ille

352 1151 478 1222 Suram
503 1171 660 1237 uxorem,
684 1146 749 1216 iste
774 1147 915 1217 Patrem
940 1126 1080 1216 Jacob
1071 1169 1108 1214 ur
1125 1141 1248 1214 eadem
1273 1138 1333 1210 du

354 1261 438 1362 plici
463 1259 627 1360 spelunca
653 1257 817 1328 Cbanaan
842 1281 925 1328 cum
949 1257 1082 1328 honore
1109 1252 1332 1353 sepelierunt;

354 1395 428 1442 non
452 1368 777 1470 sepultura-Levitae
796 1368 963 1466 Stephani
981 1381 1128 1456 tantum,
1147 1363 1332 1463 Polycarpi

354 1480 436 1552 dein
460 1497 497 1552 et
523 1479 706 1552 Hilarionis
739 1477 954 1576 aliorumque
988 1473 1192 1550 honorifice
1212 1489 1332 1546 curata

355 1590 423 1664 suit
447 1619 466 1664 a
484 1593 550 1693 piis
569 1589 779 1682 homiuibus,
805 1605 841 1660 et
866 1588 1021 1688 quotidie
1047 1586 1092 1659 ab
1107 1585 1260 1660 Ecclesia
1278 1605 1335 1659 cu·

356 1717 475 1774 ratur:
493 1701 556 1775 sed
572 1717 609 1772 et
620 1701 696 1800 jugi
712 1699 878 1772 Ecclesiae
894 1725 958 1769 usu
976 1697 1165 1770 honorilice
1191 1693 1336 1766 transfe-

357 1829 486 1884 runtur
510 1812 667 1910 reliquiae
693 1809 912 1900 Sanctorum
938 1809 1137 1882 conduntur
1162 1805 1335 1878 coluntur·

359 1945 427 2021 que
453 1949 518 2024 per
542 1921 840 1996 consecrationem
865 1921 1048 2010 altarium3
1072 1943 1137 2026 per
1167 1917 1335 1990 miracula

363 2030 407 2102 ad
432 2030 571 2104 easdem
598 2030 686 2102 lacta
714 2029 942 2103 celebrantur.
967 1975 1098 2126 Ecquis
1122 2026 1206 2098 illa
1196 2041 1335 2125 ignorat

354 2158 442 2214 tarn
451 2142 580 2219 crebra
606 2158 748 2240 tamque
774 2141 902 2240 fulgida
928 2167 1036 2241 penes
1051 2140 1147 2215 Petri
1167 2138 1337 2236 Paulique

355 2275 530 2352 corpora,
556 2253 600 2324 de
626 2254 753 2351 quibus
787 2254 977 2351 Gregorius
1006 2250 1178 2350 Magnus.
1204 2236 1358 2348 Ecquis¹

359 2364 417 2434 illa
443 2363 488 2434 ad
512 2380 667 2436 nostram
693 2389 804 2462 usque
830 2363 926 2435 diem
951 2364 1105 2436 Januarii
1140 2359 1333 2461 Martyris?

354 2499 438 2572 quae
463 2473 622 2573 profecto
657 2474 701 2544 ab
735 2474 820 2544 urbe
856 2477 1106 2576 Parthenopeja
1136 2501 1199 2576 per
1224 2488 1335 2546 totam

360 2585 429 2658 late
454 2584 657 2676 Ecclesiam,
682 2584 853 2683 quidquid
870 2586 915 2657 ab
933 2589 1010 2686 ipso
1028 2585 1233 2686 famigerato
1253 2585 1335 2659 Nea·

356 2695 817 2798 polisbistoricol'annone
844 2723 926 2770 crim
942 2696 1162 2779 liberioribus
1186 2696 1336 2794 ingeniis

356 2805 574 2896 oblatretur,
600 2805 637 2875 in
662 2805 805 2904 pretiosi
831 2805 1007 2904 sanguinis
1041 2803 1192 2905 ampulla
1223 2829 1335 2877 corus

356 2930 450 2988 cant.
475 2915 649 3012 Reliquias
665 2937 748 3012 ergo
765 2939 877 2985 sacras
903 2929 1190 3013 praeceptumque
1216 2927 1338 2984 earum
1416 2975 1420 2981 .

358 3023 494 3095 'cultum
520 3023 581 3120 qui
607 3021 775 3094 damnant
801 3049 845 3094 ao·
866 3022 1234 3114 eliminant,-recte-a
1260 3019 1336 3090 Tri·-

356 3127 501 3204 ‹lentina
527 3131 670 3231 Synodo
696 3131 916 3205 damnatorio
941 3132 1165 3203 eliminantur
1185 3121 1364 3228 judicio-r

358 3263 425 3310 nos
449 3257 568 3312 autem
594 3242 952 3315 Romano-Catholici*
965 3243 1092 3313 merito
1108 3238 1341 3332 laudabimur,

359 3342 446 3416 dum
471 3349 692 3420 meritissime
718 3377 924 3426 veneramur
944 3349 1028 3440 illas3
1047 3348 1133 3421 dum
1146 3348 1219 3420 illae
1236 3345 1341 3418 nobis

360 3455 485 3552 adhuc,
509 3475 616 3560 prout
642 3461 685 3534 de
711 3463 864 3562 reliquiis
890 3463 924 3533 S.
949 3461 1086 3534 Felicis
1101 3461 1216 3558 inquit
1230 3455 1343 3531 Pauli·

359 3597 438 3664 nus,
463 3570 615 3644 Nolanus
639 3575 848 3675 Episcopus,
1322 3591 1325 3602 '

297 3789 315 3796 ..
374 3703 375 3706 Ἴ
502 3713 636 3784 Vivficum
653 3713 748 3785 spirasti
763 3717 853 3767 auimoe
870 3675 980 3767 victricis
996 3712 1113 3778 odoram,

504 3812 560 3876 Quo
575 3810 698 3862 ¹medicina
713 3809 1163 3882 poteru‘doturaexomutr'busagris.
1252 3821 1255 3830 ’

361 3943 363 3954 “
411 3918 450 4013 3.·
467 3919 500 3991 8.
518 3917 602 3992 Haec
628 3943 709 3992 cum
736 3917 784 3990 ita
802 3915 1017 4011 sehabeaut,
1042 3913 1196 3988 militant
1220 3927 1338 3986 tanreu
1367 3887 1369 3892 Ι
