2942 4962
288 521 332 572 or
357 522 443 574 raas
468 519 597 572 cnmsrr
622 522 879 575 simsuucrronr
1002 505 1073 577 169

99 635 177 701 nus,
202 606 382 682 consectus
407 608 468 706 qui
492 605 665 706 lapidibus
690 624 794 706 atque
820 608 987 683 livoribus
1004 599 1077 686 ora·

96 721 144 795 nit
173 743 240 819 pro
275 716 401 790 eodem
434 715 494 789 illo
529 718 734 815 caeterisque
768 719 1075 818 persecutoribus?

95 827 232 901 Dicitur
249 841 378 917 autem,
389 850 489 898 unus
499 849 569 924 pm
587 824 753 898 omnibns
774 841 936 900 mnuus
961 829 1076 917 Jesus,

96 955 131 1010 et
155 965 222 1010 nos
248 938 353 1010 livore
379 938 456 1035 ejus
473 952 615 1012 sanatos
630 963 703 1010 csse
721 935 891 1010 dicimur:
918 939 1076 1012 Christus

94 1050 201 1148 igitur
224 1074 313 1138 vere,
332 1062 368 1119 et
394 1049 548 1150 proprie,
565 1073 645 1122 vera
666 1047 897 1120 satisfactione
914 1047 1077 1150 depensa,

97 1187 171 1233 non
206 1161 359 1258 figurate¹
386 1185 452 1260 pro
478 1157 699 1232 redimendis
725 1158 925 1232 hominibus
950 1159 1077 1235 divinoe

93 1271 237 1368 justitiae
264 1267 439 1342 satisfecit.

144 1377 290 1450 Probari
299 1377 525 1477 sacileposset
534 1379 602 1450 hoc
615 1379 733 1478 ipsum
748 1376 913 1451 concordi
926 1379 1078 1452 testimo·

94 1491 154 1564 nio
178 1491 324 1561 Patrum
341 1491 548 1562 Graecorum
565 1490 851 1586 Latinorumque,
862 1491 936 1587 jam
953 1515 972 1560 a
990 1492 1079 1564 Gro-

95 1599 146 1672 tio
173 1597 427 1698 productorum
440 1595 610 1698 ¹adversus
629 1597 820 1684 Socinum;
839 1621 989 1694 quorum
1006 1625 1076 1670 uua

87 1726 131 1780 et
159 1707 281 1780 eadem
309 1723 362 1798 est
386 1709 521 1807 phrasis
546 1725 621 1780 tam
645 1711 835 1782 vehemens
853 1722 889 1779 et
906 1709 1078 1804 energica,

91 1833 137 1888 ut
161 1815 244 1887 inde
269 1832 397 1917 pateat,
413 1842 485 1890 non
503 1844 603 1894 secus
621 1845 662 1890 ac
680 1846 722 1890 ex
740 1819 855 1890 citatis
873 1815 980 1889 divini
997 1819 1079 1890 Ver·

91 1925 131 1997 bi
166 1927 393 2026 testimoniis,
418 1928 598 2000 Christum
623 1929 816 2000 Dominum
841 1940 905 2008 trip
924 1942 991 2006 ημῶν
1008 1949 1078 2023 pm

93 2032 198 2106 nobis
224 2059 299 2106 sese
323 2034 452 2128 litasse,
468 2061 504 2108 sc
522 2035 687 2110 obtulisse
705 2038 743 2108 iu
764 2038 983 2127 sacrificium,
1008 2061 1080 2132 quo

95 2143 262 2214 AEternus
286 2143 390 2215 Pater
416 2143 546 2243 expiari
571 2144 683 2217 voluit
708 2146 832 2219 mundi
866 2144 1015 2248 delicta3
1042 2159 1079 2230 et,

61 2334 64 2342 ¹
90 2277 157 2349 pro
183 2253 286 2326 nobis
311 2252 426 2327 soluto
452 2257 568 2356 pretio
598 2258 652 2328 sui
677 2260 854 2356 sauguinis
887 2282 968 2333 vere
1003 2277 1080 2356 pro·

95 2365 241 2466 prieque
258 2363 475 2440 satisfecisse:
493 2365 600 2466 idque
613 2369 713 2468 juxta
729 2371 802 2444 vim
818 2373 914 2446 vocis
937 2381 1002 2456 ὑπὲρ
1019 2379 1081 2438 aut

91 2499 158 2570 pin
184 2473 241 2548 vel
267 2474 409 2549 alterius
433 2476 574 2570 similis,
601 2505 680 2577 quae
706 2495 746 2552 ut
772 2507 891 2554 veram
916 2478 1078 2582 subroge-

94 2582 254 2674 tionem,
277 2584 328 2655 ita
354 2584 534 2658 Christum
559 2613 641 2659 vere
667 2605 703 2660 et
728 2591 869 2691 proprie
895 2590 1079 2664 inlocum

94 2693 208 2765 nostri
233 2693 418 2768 suffectum
443 2695 908 2796 suissesignificatProbari
924 2703 1012 2793 hoec,
1028 2703 1083 2772 in·

97 2831 217 2903 quam,
243 2806 446 2882 Traditione
471 2825 625 2908 possent3
652 2809 713 2890 sed
738 2811 1018 2886 Fratres'Poloni
1033 2811 1082 2884 lu·

95 2943 182 2990 men
206 2943 400 3016 vocemque
436 2917 669 3013 Traditionis,
695 2945 802 3020 quam
836 2945 919 2996 cum
944 2925 1080 2996 caeteris

99 3025 248 3100 Crellius
275 3029 466 3102 Socinianis
491 3026 557 3102 sihi
583 3026 712 3104 fatetur
736 3028 938 3124 adversam,
964 3055 1081 3130 asper·

99 3152 246 3230 nantur;
273 3136 358 3210 dum
384 3139 421 3210 in
446 3138 663 3240 Scripturam
689 3165 854 3237 quoque,
879 3141 1078 3214 nouiuter·

96 3251 311 3348 pretationes
336 3248 455 3344 edunt,
481 3249 544 3324 sed
568 3257 742 3352 portenta,
767 3251 832 3324 sed
855 3255 1023 3345 monstra,
1041 3267 1078 3324 et

15 3425 17 3432 Α
98 3355 269 3456 quosdam
294 3360 425 3434 interea
450 3358 629 3461 lucifugas,
654 3387 674 3434 a
700 3359 857 3435 fidelium
874 3363 1008 3462 gremio
1025 3360 1081 3434 de

93 3472 208 3569 jectos
220 3527 231 3565 ,
256 3497 401 3546 suorum
427 3497 526 3546 versa
551 3473 628 3547 vice
654 3473 827 3574 Majorum
852 3474 994 3547 nomine
1028 3499 1079 3547 re·

102 3598 278 3656 verentur.

143 3719 260 3788 PROP.
283 3721 322 3793 11.
346 3671 520 3792 satisfactio
543 3720 572 3789 J.
596 3721 629 3789 C.
653 3675 720 3791 uon
744 3742 784 3789 ex
806 3721 872 3789 sota
900 3721 960 3788 Dei
984 3736 1073 3785 acco·

103 3821 224 3906 pontis
246 3819 445 3903 liberalitate,
468 3821 525 3892 sed
546 3839 587 3888 ex
610 3839 678 3888 sese
694 3821 831 3908 perfecta
850 3820 910 3888 fun
926 3831 958 3887 ct
973 3836 1079 3902 equa·

99 3920 139 3988 lis
155 3924 284 4012 injuria
301 3922 555 4016 compensanda,
570 3923 675 3992 immo
686 3923 812 4012 plenior
827 3919 1072 4023 ‹et-superabun-
