2908 4962
419 491 491 572 tot
682 515 744 564 ma.
770 517 803 562 ιν
830 505 997 561 ssorroms
1024 505 1048 557 ιι
1075 509 1104 557 c.
1133 505 1145 557 ι

417 607 512 678 hunc
537 599 645 672 modo
671 597 867 670 refellamus
884 597 920 667 in
942 594 1121 693 loquendo
1138 591 1181 664 de
1200 586 1335 664 Christi
1347 614 1408 674 ,na

418 717 506 786 turis
531 737 573 784 ac
589 709 765 810 mysteriis
784 707 996 806 imperitum,
1016 707 1116 804 juxta
1133 719 1169 774 et
1185 705 1223 774 in
1239 715 1406 800 torquen·

419 823 466 896 do
492 819 658 894 adversus
684 817 812 916 dogma
839 815 1050 888 catholicum
1072 812 1185 914 jacula
1207 837 1329 884 senem
1358 812 1405 882 ita

419 932 659 1020 imbecillum,
685 945 724 998 ut
750 927 794 998 de
821 953 862 1001 eo
889 942 969 1024 apte
996 925 1065 998 dici
1099 925 1209 1024 possit
1242 922 1345 1021 quod
1362 922 1404 994 de

419 1069 501 1116 sene
528 1047 647 1114 contra
665 1041 816 1137 Pyrrum
832 1038 971 1108 Priamo
989 1036 1167 1134 Virgilius,
1193 1033 1333 1106 AEneid.
1352 1035 1402 1106 II:

561 1186 602 1236 Sic
610 1182 689 1250 satus
706 1183 799 1243 scru'or,¹
818 1181 942 1248 telumque
960 1181 1055 1230 imbelle
1073 1180 1123 1230 sine
1141 1181 1194 1230 ictu

562 1275 685 1344 conjecit,
702 1291 778 1323 muco
796 1269 866 1342 qnod
879 1272 992 1340 protiruts
1009 1288 1058 1322 oere
1076 1273 1217 1340 repulsum,

561 1369 596 1420 Et
612 1385 707 1418 summo
725 1367 807 1434 clypei
822 1362 991 1434 nequidquam
1008 1365 1111 1414 umbone
1125 1363 1248 1434 peperulit.

467 1481 581 1548 PROP.
599 1483 636 1548 ll.
653 1482 736 1546 Unio
753 1479 849 1546 Verbi
873 1480 1032 1545 lucarnati
1049 1492 1178 1554 nonest
1194 1479 1275 1544 facta
1292 1481 1326 1542 in
1352 1499 1406 1543 na·
1448 1519 1449 1598 p

419 1591 502 1654 tura
526 1589 660 1666 unitate,
684 1586 822 1672 ideoque
839 1583 911 1650 duae
928 1595 1003 1649 sunt
1020 1583 1053 1647 iu
1071 1584 1196 1648 Christo
1220 1593 1294 1669 post
1309 1584 1404 1648 unio·
1448 1601 1449 1668 ι

422 1705 497 1780 hem
522 1691 683 1756 distinctu
708 1701 804 1776 atque
828 1691 1037 1776 impermixtae
1068 1700 1215 1768 naturae,
1238 1683 1350 1752 divina
1374 1698 1405 1752 et
1448 1677 1449 1698 ³

362 1781 366 1790 ⁵
418 1795 568 1875 humana,
591 1795 668 1860 licet
691 1813 758 1886 uon
782 1794 951 1877 separatim
976 1791 1194 1871 subsistentes,
1213 1791 1267 1856 sed
1292 1792 1327 1854 in
1354 1791 1402 1855 di·

416 1891 491 1961 vina
515 1915 578 1961 una
601 1893 765 1982 hypostasi
782 1891 944 1978 copulatae,
961 1893 1018 1956 Eae
1042 1894 1080 1956 de
1100 1893 1166 1984 fiale
1191 1905 1306 1956 contra
1330 1895 1402 1957 Eu·

417 1997 557 2085 tyctem.

470 2135 574 2214 Proh.
603 2143 640 2213 l⁰
667 2169 686 2213 e
713 2143 746 2212 S.
774 2143 972 2240 Scriptura:
1000 2152 1036 2209 et
1062 2139 1204 2237 quidem
1230 2140 1271 2210 iis
1293 2133 1403 2211 omni-
1450 2135 1451 2140 ’

418 2247 485 2325 hus
510 2254 746 2345 testimoniis,
771 2253 808 2322 in
834 2251 960 2350 quibus
990 2252 1171 2343 Christus,
1198 2251 1281 2322 licet
1312 2278 1403 2322 unus

421 2377 458 2433 et
482 2360 664 2453 indivisus,
690 2360 816 2433 dicitur
841 2376 960 2430 tamen
987 2377 1022 2431 et
1048 2387 1150 2432 verus
1175 2361 1271 2432 Deus
1297 2379 1334 2432 et
1352 2388 1404 2433 ve·
1451 2429 1452 2434 ,

419 2498 480 2544 rus
506 2473 625 2560 homO,
650 2487 690 2540 ut
714 2486 843 2568 praeter
869 2469 932 2540 alia
956 2470 1036 2541 alibi
1052 2471 1223 2569 producta
1241 2473 1325 2542 Mat
1345 2474 1403 2562 tt,

421 2599 461 2654 tu
486 2607 522 2654 es
551 2581 721 2654 Christum<
738 2582 854 2654 Filius
880 2583 950 2653 Dei
976 2585 1043 2652 vivi
1055 2610 1071 2668 ,·
1098 2599 1134 2653 et
1159 2583 1214 2654 lo.
1241 2586 1283 2673 8,
1313 2610 1404 2681 qun-

337 2701 339 2708 ’
419 2695 495 2764 ritis
530 2719 586 2764 me
612 2692 805 2776 interficere
831 2689 1042 2778 hominem,
1067 2696 1129 2789 qui
1156 2718 1234 2764 vera
1262 2694 1404 2765 locutats

368 2813 370 2820 '
418 2829 503 2876 sum
529 2801 650 2890 vobis,
676 2829 747 2899 quo
773 2803 810 2872 in
836 2801 913 2875 loeo
940 2802 1084 2900 aliisque
1111 2805 1282 2876 sexcentis
1309 2805 1405 2875 Chri·

419 2929 494 2984 stus
520 2927 664 2986 vocatur
689 2913 797 2984 laomo
811 2967 824 3000 ,
851 2911 1048 3008 diciturque
1076 2914 1240 3010 quaesitus
1266 2914 1311 2984 ad
1347 2942 1405 2986 ne-

421 3050 511 3116 cem,
536 3016 628 3096 filius
653 3024 816 3113 hominis,
843 3023 954 3094 lactus
972 3049 1015 3094 ex
1031 3025 1190 3115 muliere,
1216 3029 1313 3097 cruci
1341 3027 1408 3098 sns-

420 3135 510 3204 fixus
536 3150 625 3204 eto..
651 3131 754 3203 Unde
780 3133 870 3202 sieut
895 3133 931 3202 in
958 3133 1099 3205 Christo
1134 3136 1217 3206 Jesu
1252 3133 1407 3207 divinam

419 3259 582 3316 naturam
608 3265 713 3312 sanus
738 3243 925 3337 quisquam
950 3257 1081 3332 tuetur,
1115 3270 1159 3316 ex
1184 3270 1255 3341 quo
1281 3245 1327 3316 sit
1354 3273 1409 3319 re·

421 3369 481 3419 rus
507 3348 611 3437 Deus,
637 3349 687 3417 ita
714 3374 757 3416 ex
784 3373 854 3444 quo
881 3350 926 3418 sit
944 3366 980 3420 et
996 3377 1099 3423 verus
1118 3353 1235 3444 homo,
1252 3355 1290 3422 in
1309 3355 1408 3424 Chri-

421 3473 476 3530 sto
501 3458 613 3529 inesse
647 3459 839 3528 humanam
863 3476 1047 3551 naturam,
1073 3465 1164 3534 tueri
1194 3463 1309 3536 debet
1335 3465 1407 3536 Sub

419 3566 510 3656 haec,
535 3565 672 3637 abunde
690 3567 775 3637 mihi
793 3584 894 3657 esset,
920 3568 1208 3663 animadvertere,
1225 3575 1276 3644 uti
1303 3600 1407 3644 suum

422 3671 604 3777 descripsit
641 3679 792 3750 loannes
829 3679 1062 3776 Evangelium
1101 3683 1146 3756 ad
1184 3677 1406 3773 divinitatem

423 3790 554 3860 Christi
581 3789 903 3881 constabiliendum,
929 3793 976 3862 ita
1003 3819 1130 3891 magna
1158 3793 1239 3866 dein
1266 3823 1310 3868 ex
1327 3822 1405 3895 par-

421 3915 457 3972 te
483 3902 657 4001 Epistolas
684 3901 833 3976 edidisse
860 3929 938 3976 suas
964 3904 1007 3976 ad
1033 3908 1285 3982 humanitatem
1309 3909 1405 3982 Chri·
