2932 4970
838 497 884 570 10

379 649 382 656 ·
414 614 458 679 Te
482 611 617 676 aliorum
640 626 710 674 esse
732 498 887 696 porisma
911 497 1110 694 iiagistrum
1133 607 1189 674 sed
1213 609 1281 674 no'n
1297 609 1364 675 au-'

372 717 515 783 ster-itate
539 713 675 792 tristem,
690 730 750 777 neo
767 711 917 776 comitate
934 709 1135 790 dissolutum,
1150 728 1217 774 non
1232 709 1266 774 in
1283 729 1363 775 eor-

367 813 504 902 rigendo
527 811 689 892 acerbum,
713 828 773 876 neo
794 811 830 876 in
851 810 1013 876 laudando
1037 808 1192 877 effusum:
1216 812 1366 875 numid

368 917 506 1004 quidem
530 913 667 990 multos,
691 913 737 978 ait
759 912 889 998 egregie
912 911 1030 978 Fabius
1054 911 1188 988 Quintil.
1212 911 1295 976 libro
1322 913 1354 976 lt

368 1038 394 1084 c.
418 1016 452 1096 2,
477 1016 682 1102 supraposito
707 1014 867 1080 studendi
885 1016 996 1097 suque,
1020 1015 1112 1102 quod
1137 1012 1280 1100 puidam
1305 1013 1357 1078 sic
1461 1075 1462 1090 ,

370 1122 571 1204 umorquae,
595 1118 695 1206 quasi
717 1119 853 1182 oderent.
878 1115 947 1181 Huc
970 1136 1051 1182 voco
1075 1126 1108 1182 et
1132 1125 1209 1202 apto
1234 1113 1360 1201 Grego-

367 1220 454 1286 rium
479 1218 652 1304 Magnum,
675 1219 767 1305 cujus
791 1217 904 1284 obrizo
923 1219 1147 1305 pretiosiorem
1172 1237 1250 1282 auro
1273 1215 1361 1283 ‘sen-

372 1319 505 1384 tentiam
528 1317 666 1384 habeas:
690 1319 765 1384 talis
788 1320 877 1384 debet
900 1341 966 1386 eoae
993 1319 1191 1404 dz‘spenaota'o
1221 1318 1364 1404 repimz‘-

369 1424 446 1503 nir,
470 1420 631 1508 (solroiici
655 1421 824 1511 quoquei',
847 1433 887 1488 ot
917 1424 968 1505 is,
995 1425 1061 1511 poi
1079 1435 1191 1509 preest
1218 1435 1248 1488 et
1271 1423 1364 1488 ormi-

369 1528 449 1590 dens
472 1526 587 1590 timeri
607 1527 729 1606 dehent,
753 1538 782 1590 et
805 1525 914 1590 iratos
942 1526 1060 1591 umori.

417 1726 485 1792 Hoc
501 1726 586 1793 addo
602 1626 947 1816 attendendumffiuod
963 1727 1009 1794 ait
1025 1727 1187 1794 Romanus
1204 1727 1256 1793 itte
1272 1743 1361 1814 prae-

372 1843 484 1919 ceptor
495 1830 588 1896 alibi:
605 1830 687 1896 nihil
702 1832 737 1898 in
753 1833 868 1899 studiis
883 1851 1019 1920 parvum
1034 1842 1097 1898 est:
1114 1832 1255 1898 nitamur
1271 1849 1358 1896 sem-

371 1954 428 2020 per
452 1933 492 2000 ad
517 1935 661 2022 optima:
685 1935 729 2001 ita
752 1935 871 2017 forsan,
895 1936 952 2002 sed
975 1954 1043 2000 non
1058 1935 1160 2016 aliter,
1184 1933 1361 2002 evademus
1461 1998 1462 2011 ,

369 2038 404 2102 in
428 2057 599 2104 summum.
624 2037 707 2104 Sunt
731 2039 876 2125 ingenita
894 2039 1079 2126 adjumenta
1095 2037 1253 2127 quedam,
1274 2037 1362 2102 latus
1461 2043 1462 2053 ¹

368 2142 494 2226 patiens
519 2139 650 2222 laboris,
673 2141 834 2222 valetudo,
858 2143 1055 2222 constantia;
1080 2160 1152 2230 qttae
1177 2141 1204 2207 si
1229 2137 1360 2205 modica

369 2241 566 2326 obtigerunt,
588 2254 728 2328 possunt
750 2244 875 2310 ratione
900 2243 1055 2329 ampliari,
1069 2243 1176 2330 inquit
1193 2240 1281 2307 idem
1295 2239 1359 2304 Fa-

368 2339 441 2407 bius
466 2342 501 2406 in
524 2343 691 2407 Prooemio.
716 2342 750 2406 si
773 2353 876 2430 potes,
900 2363 958 2409 cur
982 2363 1049 2410 non
1073 2363 1151 2428 ergo
1179 2340 1360 2430 prudentor

371 2444 523 2530 ampliare
547 2445 656 2510 studes
672 2446 686 2511 i
1401 2521 1404 2524 ,

390 2593 392 2599 -
418 2545 480 2612 Sed
504 2546 594 2614 bona
614 2548 682 2633 ipsa
707 2547 813 2612 omnia
837 2547 960 2634 ingenii
977 2547 1153 2634 studiique,
1169 2545 1279 2632 pergit
1294 2543 1370 2625 ἱΙΙθ,Δ

371 2651 439 2716 sine
463 2651 596 2716 doctore
620 2651 737 2735 perito,
753 2650 861 2716 studio
885 2652 1051 2736 pertinaci,
1072 2650 1199 2736 legendi
1225 2669 1261 2714 ao
1278 2649 1359 2714 sori·

370 2749 468 2826 bendi
492 2751 686 2838 dicendique
710 2751 810 2816 multa
826 2760 859 2818 et
875 2753 1029 2818 continua
1045 2750 1285 2829 exercitatione,
1303 2756 1362 2812 aut

373 2854 456 2920 nihil
480 2865 535 2920 aut
559 2874 626 2920 non
641 2853 732 2920 valde
749 2865 897 2942 prosunt.
915 2855 980 2922 Cur
996 2875 1074 2942 ergo
1098 2854 1191 2920 multi
1209 2852 1362 2937 ingenio·

370 2959 470 3024 siores
494 2959 575 3038 aliis,
591 2979 665 3024 cum
689 2958 930 3026 desidiosissimi
942 2961 1018 3041 sint,
1034 2971 1141 3026 tamen
1166 2958 1235 3022 aliis
1251 2975 1285 3022 se
1303 2955 1361 3020 do-

371 3064 488 3128 ctiores
512 3064 572 3128 etsi
602 3063 843 3129 studiosissimis
872 3065 982 3130 haberi
1006 3075 1062 3130 aut
1085 3072 1284 3150 praesumunt
1305 3069 1361 3126 aut

371 3165 627 3250 praetendenti!
654 3163 694 3229 Hi
718 3167 786 3230 sine
810 3167 936 3232 tonitru
959 3166 1132 3252 fulgurant.

421 3367 581 3453 Imprimis
605 3367 725 3455 itaque,
750 3388 815 3455 quo
834 3387 947 3445 verum
964 3378 1028 3435 tuae
1043 3367 1143 3434 menti
1157 3378 1196 3432 et
1214 3365 1362 3433 lucidum

375 3466 540 3552 sapientise
565 3465 654 3534 sidus
678 3468 856 3550 oboriatur,
879 3470 1036 3536 divinum
1066 3469 1239 3535 massiliam
1267 3465 1362 3532 omni

374 3567 538 3632 devotione
564 3581 661 3656 utque
682 3571 802 3654 pietate
825 3572 1083 3656 implorandum
1108 3583 1164 3650 eet,
1186 3583 1228 3634 ut
1250 3570 1361 3634 inten-

375 3671 418 3732 tio
444 3673 711 3738 constantissimo
736 3675 900 3739 bonorum
926 3675 1118 3740 studiorum
1146 3686 1252 3738 teneat
1284 3683 1362 3737 our-

374 3795 454 3839 som
485 3785 617 3855 sutem,
649 3800 670 3840 o
701 3800 766 3866 peto
797 3799 880 3842 eum*
908 3777 1027 3844 nullus
1059 3777 1155 3843 cussis
1188 3762 1334 3842 excutiat
1351 3827 1362 3856 ‚

374 3875 560 3961 quominus
584 3877 680 3941 illum
702 3877 909 3964 philosophie
941 3878 1133 3943 tutissimus
1149 3876 1363 3961 jatcundt'ssa'·
1463 3917 1464 3920 =

375 4000 520 4066 utusque
548 3989 666 4064 portus
697 3981 853 4068 accepiet„
876 3980 953 4060 Quis
976 3981 1075 4049 haec?
1099 3999 1164 4048 uon
1188 3999 1258 4068 'ego
1271 4009 1281 4062 3
1305 3978 1361 4072 sed
