2908 4962
382 483 430 557 90
578 517 591 554 ,Α
642 502 1104 554 muraenularum
1176 515 1180 522 Δ

378 591 478 683 oed03
491 588 535 662 de
547 585 738 686 condigno,
751 615 787 660 n.
804 587 1023 666 antecedens.
1040 589 1245 664 Justifioatio
1263 581 1366 664 enim

376 701 486 802 gratia
510 715 574 791 est,
598 695 710 772 fluens
735 723 779 772 ex
803 696 933 772 virtute
958 697 1233 772 satisfactionum
1259 700 1368 772 Chri.

376 815 433 903 sti,
457 837 530 886 non
555 824 674 882 autem
703 833 834 882 corona
863 807 919 884 vel
947 835 1093 884 merces.
1108 811 1254 886 ‚Vitam
1276 837 1366 884 vero

377 923 628 1024 sempiternam
640 935 797 994 meretur
808 921 934 1020 justus,
951 922 1077 996 merito
1095 923 1201 994 etiam
1218 921 1262 994 de
1283 948 1366 994 corn

378 1033 497 1132 dignm
523 1029 587 1102 sed
611 1031 779 1106 meritum
804 1057 877 1104 non
901 1027 946 1102 ab
970 1057 1078 1132 opere
1103 1034 1142 1104 in
1167 1059 1203 1104 se
1226 1049 1364 1134 spectas

377 1159 417 1218 to
442 1143 550 1216 talem
573 1141 688 1214 induit
711 1139 999 1240 condignitatem,
1024 1142 1085 1216 sed
1110 1171 1129 1216 a
1156 1145 1266 1242 gratia
1302 1147 1363 1215 ha*

379 1251 502 1326 hituali
526 1252 635 1354 ipsius
662 1251 759 1351 justi,
784 1251 822 1324 in
847 1277 918 1350 quo
948 1252 1084 1326 Christi·
1109 1255 1219 1352 gratia
1248 1252 1367 1324 evadit

285 1413 288 1421 s
368 1364 465 1463 som
490 1391 591 1463 aquia
610 1366 694 1436 vivre
711 1362 867 1438 salientis
884 1366 922 1436 in
939 1367 1048 1436 vitam
1064 1381 1245 1437 (eternam.
1261 1365 1365 1436 Dein

381 1475 426 1552 de
451 1501 544 1574 nego
568 1475 777 1578 paritatem:
804 1475 994 1574 requiritur
1023 1477 1119 1548 enim
1149 1475 1194 1548 ad
1227 1501 1366 1548 meren·

377 1587 469 1662 dum
495 1586 566 1660 sola
591 1586 776 1686 proportio
801 1586 855 1658 rei·
878 1584 923 1657 ad
947 1612 1026 1659 rem
1055 1603 1195 1662 actusve
1221 1589 1364 1660 merito·
1442 1607 1443 1650 t

371 1699 425 1774 rii
449 1698 496 1772 ad
520 1697 718 1798 praemium,
744 1695 810 1768 Dei
836 1698 1021 1796 promissio
1046 1713 1083 1769 et
1108 1700 1303 1798 acceptatio
1330 1698 1367 1769 li·

380 1807 517 1898 beraiis3
543 1833 614 1881 non
640 1832 725 1880 vero
750 1833 980 1907 personarum
1005 1809 1186 1908 proportio
1204 1825 1366 1910 etaequa·
1442 1809 1443 1892 i

375 1915 471 2010 litas,
496 1943 576 2016 quoe
604 1933 722 1988 tamen
747 1915 793 1990 ad
817 1916 992 2016 condigne
1013 1916 1296 1990 satisfaciendum
1317 1943 1366 1989 re

377 2026 533 2124 -quiritur
558 2027 713 2100 omnino.
748 2027 969 2123 Caeterum(
1002 2025 1106 2102 verba
1140 2043 1223 2100 sunt
1257 2031 1367 2102 Cone

384 2131 482 2204 Trid
509 2135 598 2208 Sess
627 2137 674 2208 14
692 2161 722 2207 c.
749 2137 814 2231 8),
839 2161 951 2234 neque
977 2139 1026 2207 ita
1051 2152 1172 2210 nostra
1197 2152 1249 2210 cst
1273 2140 1370 2210 satis·

371 2243 509 2340 fartim
534 2271 645 2343 quom
667 2271 732 2340 pm
754 2251 911 2344 peccatis
929 2250 1056 2321 uostris
1073 2243 1307 2336 exsolvimus,
1324 2264 1368 2321 ut

385 2379 459 2427 non
485 2358 530 2428 sit
550 2381 617 2452 per
642 2355 823 2431 Christum
848 2360 1031 2432 Jesum...
1051 2361 1177 2434 Omnis
1203 2362 1368 2459 glon'tttio
1442 2361 1443 2388 ¹

387 2467 573 2536 nostruin
610 2463 749 2538 Christo
776 2481 840 2554 est,
866 2469 903 2538 in
932 2493 1002 2566 quo
1035 2471 1198 2556 vivimus,
1227 2473 1367 2570 inquo
1442 2529 1443 2566 p

386 2599 580 2661 meremur,
605 2578 641 2648 in
670 2600 739 2673 qno
766 2574 1017 2672 satisfacimus.
1442 2609 1443 2692 p

438 2685 590 2786 Objicies
616 2687 649 2760 3.
667 2687 712 2758 -Si
737 2686 781 2760 ab
816 2689 1046 2790 anrplitudine
1080 2716 1240 2790 personae
1274 2690 1373 2764 desu·
1442 2769 1443 2774 ,

386 2812 543 2868 meretur
560 2796 695 2898 peccati
717 2797 910 2898 turpitudo,
924 2798 1061 2872 nullum
1079 2799 1170 2872 foret
1186 2802 1280 2870 inter
1295 2823 1373 2899 pec·
1442 2823 1443 2884 t

387 2922 464 2978 cata
491 2906 692 3000 discrimen,
718 2924 754 2980 et
779 2933 845 3008 pro
871 2907 942 2982 sola
968 2909 1069 3009 culpa
1099 2909 1237 3001 veniali,
1262 2911 1374 2986 Incar-

388 3019 531 3090 natione
556 3019 701 3112 sublata,
727 3021 805 3117 quis
825 3021 939 3120 perire
958 3037 1076 3121 posset
1093 3037 1285 3094 aeternum:
1313 3019 1377 3093 sed
1442 3015 1443 3020 ἵ

390 3155 608 3228 consequens
634 3130 799 3203 abhorret
825 3160 844 3204 a
870 3159 974 3206 vero:
1000 3160 1084 3232 ergo
1102 3149 1138 3205 et
1155 3131 1374 3205 antecedens.

390 3213 434 3332 Ii.
460 3237 500 3310 N.
527 3263 599 3335 seq.
625 3240 776 3337 majoris.
801 3241 889 3312 Nam
916 3267 960 3312 ex
986 3241 1183 3316 diversitate
1204 3243 1377 3331 materiae,

391 3372 434 3416 ex
458 3347 582 3445 majori
608 3349 779 3422 minorive
813 3352 1041 3448 perversitate
1067 3369 1103 3424 et
1128 3352 1379 3426 deliberatione

393 3453 592 3547 voluntatis,
618 3483 638 3527 e
660 3455 854 3558 disparibus
872 3459 1039 3560 adjunctis
1057 3479 1284 3563 peccatorum
1303 3488 1378 3562 pec·

394 3579 472 3635 cato
489 3563 562 3664 ipsa
580 3564 853 3665 distinguuntur,
871 3568 1022 3669 disparia
1039 3563 1246 3672 reputantur
1263 3599 1274 3663 ;·
1298 3571 1378 3642 licet

391 3700 515 3772 parem
540 3702 583 3747 ex
609 3676 788 3748 tendentia
813 3678 850 3747 in
876 3677 1053 3778 objectum
1083 3681 1260 3752 infinitum
1287 3679 1375 3776 obje-

396 3783 525 3854 ctivam
552 3783 700 3858 induunt
728 3787 948 3868 infinitatem
974 3790 1093 3887 Neque
1127 3789 1226 3860 Deus
1248 3787 1376 3886 exigit,
1442 3783 1443 3788 ’

393 3910 434 3966 ut
458 3921 523 3996 pro
550 3897 651 3998 culpa
670 3897 794 3974 veniali
812 3899 1023 4000 condignam
1041 3900 1313 3976 satisfactionem
1325 3899 1376 3998 ju·
