<?xml version="1.0" encoding="UTF-8"?>
<!DOCTYPE html PUBLIC "-//W3C//DTD XHTML 1.0 Transitional//EN"
    "http://www.w3.org/TR/xhtml1/DTD/xhtml1-transitional.dtd">
<html xmlns="http://www.w3.org/1999/xhtml" xml:lang="en" lang="en">
 <head>
  <title>
</title>
<meta http-equiv="Content-Type" content="text/html;charset=utf-8" />
  <meta name='ocr-system' content='tesseract 3.04.00' />
  <meta name='ocr-capabilities' content='ocr_page ocr_carea ocr_par ocr_line ocrx_word'/>
</head>
<body>
  <div class='ocr_page' id='page_1' title='image "./sacrtheologiins00gutigoog_0151.png"; bbox 0 0 2908 4962; ppageno 0'>
   <div class='ocr_carea' id='block_1_1' title="bbox 260 487 1355 1035">
    <p class='ocr_par' dir='ltr' id='par_1_1' title="bbox 368 487 1097 568">
     <span class='ocr_line' id='line_1_1' title="bbox 368 487 1097 568; baseline -0.015 -3"><span class='ocrx_word' id='word_1_1' title='bbox 368 491 440 568; x_wconf 71' lang='grc'><strong>152</strong></span> <span class='ocrx_word' id='word_1_2' title='bbox 606 487 673 562; x_wconf 74' lang='lat' dir='ltr'><strong>&#39;cin</strong></span> <span class='ocrx_word' id='word_1_3' title='bbox 698 513 732 562; x_wconf 86' lang='grc' dir='ltr'><strong>ιι</strong></span> <span class='ocrx_word' id='word_1_4' title='bbox 758 507 924 560; x_wconf 81' lang='lat' dir='ltr'><strong>sncrroms</strong></span> <span class='ocrx_word' id='word_1_5' title='bbox 950 507 987 556; x_wconf 94' lang='grc' dir='ltr'><strong>ιιι</strong></span> <span class='ocrx_word' id='word_1_6' title='bbox 1000 505 1044 556; x_wconf 79' lang='lat' dir='ltr'><strong>c.</strong></span> <span class='ocrx_word' id='word_1_7' title='bbox 1073 507 1097 554; x_wconf 93' lang='grc' dir='ltr'><strong>ιι</strong></span> 
     </span>
    </p>

    <p class='ocr_par' dir='ltr' id='par_1_2' title="bbox 260 589 1355 1035">
     <span class='ocr_line' id='line_1_2' title="bbox 365 589 1355 692; baseline -0.015 -16"><span class='ocrx_word' id='word_1_8' title='bbox 365 618 435 676; x_wconf 84' lang='lat' dir='ltr'><strong>test</strong></span> <span class='ocrx_word' id='word_1_9' title='bbox 459 623 542 674; x_wconf 79' lang='lat' dir='ltr'><strong>cum</strong></span> <span class='ocrx_word' id='word_1_10' title='bbox 568 597 686 692; x_wconf 84' lang='lat' dir='ltr'><strong>Scuto,</strong></span> <span class='ocrx_word' id='word_1_11' title='bbox 709 596 879 686; x_wconf 86' lang='lat' dir='ltr'><strong>Valentia,</strong></span> <span class='ocrx_word' id='word_1_12' title='bbox 904 594 1044 683; x_wconf 83' lang='lat' dir='ltr'><strong>Suarez,</strong></span> <span class='ocrx_word' id='word_1_13' title='bbox 1069 590 1225 674; x_wconf 76' lang='lat' dir='ltr'><strong>elicuisse</strong></span> <span class='ocrx_word' id='word_1_14' title='bbox 1244 589 1355 662; x_wconf 79' lang='lat' dir='ltr'><strong>Clari-</strong></span> 
     </span>
     <span class='ocr_line' id='line_1_3' title="bbox 363 701 1355 811; baseline -0.012 -26"><span class='ocrx_word' id='word_1_15' title='bbox 363 727 467 786; x_wconf 88' lang='lat' dir='ltr'><strong>stum&#39;</strong></span> <span class='ocrx_word' id='word_1_16' title='bbox 484 711 673 811; x_wconf 73' lang='lat' dir='ltr'><strong>sepissime</strong></span> <span class='ocrx_word' id='word_1_17' title='bbox 698 733 743 780; x_wconf 84' lang='lat' dir='ltr'><strong>ex</strong></span> <span class='ocrx_word' id='word_1_18' title='bbox 767 706 958 780; x_wconf 81' lang='lat' dir='ltr'><strong>directione</strong></span> <span class='ocrx_word' id='word_1_19' title='bbox 984 704 1138 776; x_wconf 70' lang='lat' dir='ltr'><strong>scientiae</strong></span> <span class='ocrx_word' id='word_1_20' title='bbox 1163 701 1290 776; x_wconf 77' lang='lat' dir='ltr'><strong>inlusae</strong></span> <span class='ocrx_word' id='word_1_21' title='bbox 1316 729 1355 773; x_wconf 79' lang='lat' dir='ltr'><strong>a·</strong></span> 
     </span>
     <span class='ocr_line' id='line_1_4' title="bbox 260 812 1354 922; baseline -0.013 -23"><span class='ocrx_word' id='word_1_22' title='bbox 260 909 267 922; x_wconf 38' lang='grc' dir='ltr'><strong><em>Ι</em></strong></span> <span class='ocrx_word' id='word_1_23' title='bbox 361 825 430 900; x_wconf 91' lang='lat' dir='ltr'><strong>lios</strong></span> <span class='ocrx_word' id='word_1_24' title='bbox 453 839 552 896; x_wconf 87' lang='lat' dir='ltr'><strong>actus</strong></span> <span class='ocrx_word' id='word_1_25' title='bbox 576 822 705 894; x_wconf 89' lang='lat' dir='ltr'><strong>amoris</strong></span> <span class='ocrx_word' id='word_1_26' title='bbox 728 819 806 910; x_wconf 86' lang='lat' dir='ltr'><strong>Dei,</strong></span> <span class='ocrx_word' id='word_1_27' title='bbox 821 816 886 890; x_wconf 92' lang='lat' dir='ltr'><strong>sub</strong></span> <span class='ocrx_word' id='word_1_28' title='bbox 902 814 1037 890; x_wconf 87' lang='lat' dir='ltr'><strong>diverso</strong></span> <span class='ocrx_word' id='word_1_29' title='bbox 1055 812 1354 889; x_wconf 77' lang='lat' dir='ltr'><strong>lorrnalitateob·</strong></span> 
     </span>
     <span class='ocr_line' id='line_1_5' title="bbox 357 927 1354 1035; baseline -0.008 -27"><span class='ocrx_word' id='word_1_30' title='bbox 357 935 455 1035; x_wconf 74' lang='lat' dir='ltr'><strong>-jecti,</strong></span> <span class='ocrx_word' id='word_1_31' title='bbox 477 932 659 1007; x_wconf 83' lang='lat' dir='ltr'><strong>distinctos</strong></span> <span class='ocrx_word' id='word_1_32' title='bbox 683 927 728 1006; x_wconf 81' lang='lat' dir='ltr'><strong>ab</strong></span> <span class='ocrx_word' id='word_1_33' title='bbox 753 955 872 1006; x_wconf 87' lang='lat' dir='ltr'><strong>amore</strong></span> <span class='ocrx_word' id='word_1_34' title='bbox 905 927 1086 1020; x_wconf 82' lang='lat' dir='ltr'><strong>beatifico,</strong></span> <span class='ocrx_word' id='word_1_35' title='bbox 1110 953 1131 998; x_wconf 88' lang='lat' dir='ltr'><strong>a</strong></span> <span class='ocrx_word' id='word_1_36' title='bbox 1157 952 1229 1026; x_wconf 91' lang='lat' dir='ltr'><strong>quo</strong></span> <span class='ocrx_word' id='word_1_37' title='bbox 1253 953 1354 1000; x_wconf 85' lang='lat' dir='ltr'><strong>nun·</strong></span> 
     </span>
    </p>
   </div>
   <div class='ocr_carea' id='block_1_2' title="bbox 356 1038 1349 1250">
    <p class='ocr_par' dir='ltr' id='par_1_3' title="bbox 356 1038 1349 1250">
     <span class='ocr_line' id='line_1_6' title="bbox 356 1038 890 1141; baseline -0.011 -25"><span class='ocrx_word' id='word_1_38' title='bbox 356 1055 471 1141; x_wconf 74' lang='lat' dir='ltr'><strong>,quem</strong></span> <span class='ocrx_word' id='word_1_39' title='bbox 496 1041 634 1116; x_wconf 80' lang='lat' dir='ltr'><strong>realiter</strong></span> <span class='ocrx_word' id='word_1_40' title='bbox 660 1038 890 1114; x_wconf 88' lang='lat' dir='ltr'><strong>abstrahebat.</strong></span> 
     </span>
     <span class='ocr_line' id='line_1_7' title="bbox 413 1144 1349 1250; baseline -0.011 -24"><span class='ocrx_word' id='word_1_41' title='bbox 413 1153 559 1250; x_wconf 79' lang='lat' dir='ltr'><strong>Urgent.</strong></span> <span class='ocrx_word' id='word_1_42' title='bbox 584 1149 660 1226; x_wconf 85' lang='lat' dir='ltr'><strong>Etsi</strong></span> <span class='ocrx_word' id='word_1_43' title='bbox 685 1147 844 1222; x_wconf 89' lang='lat' dir='ltr'><strong>Christus</strong></span> <span class='ocrx_word' id='word_1_44' title='bbox 870 1146 938 1218; x_wconf 79' lang='lat' dir='ltr'><strong>suit</strong></span> <span class='ocrx_word' id='word_1_45' title='bbox 962 1146 1067 1218; x_wconf 85' lang='lat' dir='ltr'><strong>etium</strong></span> <span class='ocrx_word' id='word_1_46' title='bbox 1092 1145 1223 1236; x_wconf 87' lang='lat' dir='ltr'><strong>viator,</strong></span> <span class='ocrx_word' id='word_1_47' title='bbox 1249 1144 1349 1216; x_wconf 82' lang='lat' dir='ltr'><strong>circa</strong></span> 
     </span>
    </p>
   </div>
   <div class='ocr_carea' id='block_1_3' title="bbox 275 1252 1357 3890">
    <p class='ocr_par' dir='ltr' id='par_1_4' title="bbox 275 1252 1349 3776">
     <span class='ocr_line' id='line_1_8' title="bbox 363 1252 1349 1353; baseline -0.008 -21"><span class='ocrx_word' id='word_1_48' title='bbox 363 1261 428 1334; x_wconf 87' lang='lat' dir='ltr'><strong>Dei</strong></span> <span class='ocrx_word' id='word_1_49' title='bbox 454 1259 676 1333; x_wconf 86' lang='lat' dir='ltr'><strong>dilectionem</strong></span> <span class='ocrx_word' id='word_1_50' title='bbox 705 1273 824 1328; x_wconf 85' lang='lat' dir='ltr'><strong>tamen</strong></span> <span class='ocrx_word' id='word_1_51' title='bbox 852 1273 888 1328; x_wconf 90' lang='lat' dir='ltr'><strong>et</strong></span> <span class='ocrx_word' id='word_1_52' title='bbox 921 1256 1053 1353; x_wconf 87' lang='lat' dir='ltr'><strong>reliqua</strong></span> <span class='ocrx_word' id='word_1_53' title='bbox 1087 1270 1221 1328; x_wconf 71' lang='lat' dir='ltr'><strong>naturae</strong></span> <span class='ocrx_word' id='word_1_54' title='bbox 1254 1252 1349 1351; x_wconf 81' lang='lat' dir='ltr'><strong>legis</strong></span> 
     </span>
     <span class='ocr_line' id='line_1_9' title="bbox 363 1363 1347 1467; baseline -0.006 -27"><span class='ocrx_word' id='word_1_55' title='bbox 363 1367 510 1467; x_wconf 86' lang='lat' dir='ltr'><strong>objecta,</strong></span> <span class='ocrx_word' id='word_1_56' title='bbox 535 1369 601 1464; x_wconf 85' lang='lat' dir='ltr'><strong>(ex</strong></span> <span class='ocrx_word' id='word_1_57' title='bbox 626 1370 695 1440; x_wconf 89' lang='lat' dir='ltr'><strong>hoc</strong></span> <span class='ocrx_word' id='word_1_58' title='bbox 719 1366 852 1457; x_wconf 85' lang='lat' dir='ltr'><strong>saltem,</strong></span> <span class='ocrx_word' id='word_1_59' title='bbox 878 1365 972 1464; x_wconf 93' lang='lat' dir='ltr'><strong>quod</strong></span> <span class='ocrx_word' id='word_1_60' title='bbox 997 1365 1062 1438; x_wconf 91' lang='lat' dir='ltr'><strong>sub</strong></span> <span class='ocrx_word' id='word_1_61' title='bbox 1079 1364 1237 1464; x_wconf 86' lang='lat' dir='ltr'><strong>ejusdem</strong></span> <span class='ocrx_word' id='word_1_62' title='bbox 1252 1363 1347 1462; x_wconf 79' lang='lat' dir='ltr'><strong>legis</strong></span> 
     </span>
     <span class='ocr_line' id='line_1_10' title="bbox 363 1473 1347 1579; baseline 0.001 -30"><span class='ocrx_word' id='word_1_63' title='bbox 363 1495 541 1579; x_wconf 80' lang='lat' dir='ltr'><strong>praecepto</strong></span> <span class='ocrx_word' id='word_1_64' title='bbox 567 1479 703 1572; x_wconf 85' lang='lat' dir='ltr'><strong>cadant,</strong></span> <span class='ocrx_word' id='word_1_65' title='bbox 728 1505 794 1550; x_wconf 88' lang='lat' dir='ltr'><strong>nec</strong></span> <span class='ocrx_word' id='word_1_66' title='bbox 819 1493 993 1578; x_wconf 83' lang='lat' dir='ltr'><strong>praecepta</strong></span> <span class='ocrx_word' id='word_1_67' title='bbox 1025 1492 1146 1578; x_wconf 90' lang='lat' dir='ltr'><strong>utpote</strong></span> <span class='ocrx_word' id='word_1_68' title='bbox 1171 1473 1347 1576; x_wconf 85' lang='lat' dir='ltr'><strong>impecca-</strong></span> 
     </span>
     <span class='ocr_line' id='line_1_11' title="bbox 363 1583 1343 1690; baseline -0.004 -30"><span class='ocrx_word' id='word_1_69' title='bbox 363 1586 444 1662; x_wconf 86' lang='lat' dir='ltr'><strong>bilis</strong></span> <span class='ocrx_word' id='word_1_70' title='bbox 469 1590 598 1664; x_wconf 89' lang='lat' dir='ltr'><strong>violare</strong></span> <span class='ocrx_word' id='word_1_71' title='bbox 632 1589 836 1690; x_wconf 83' lang='lat' dir='ltr'><strong>potuerit),</strong></span> <span class='ocrx_word' id='word_1_72' title='bbox 861 1614 932 1660; x_wconf 91' lang='lat' dir='ltr'><strong>non</strong></span> <span class='ocrx_word' id='word_1_73' title='bbox 962 1586 1028 1658; x_wconf 84' lang='lat' dir='ltr'><strong>tuit</strong></span> <span class='ocrx_word' id='word_1_74' title='bbox 1061 1585 1263 1660; x_wconf 83' lang='lat' dir='ltr'><strong>indifferens</strong></span> <span class='ocrx_word' id='word_1_75' title='bbox 1296 1583 1343 1656; x_wconf 89' lang='lat' dir='ltr'><strong>ad</strong></span> 
     </span>
     <span class='ocr_line' id='line_1_12' title="bbox 361 1670 1344 1796; baseline -0.004 -26"><span class='ocrx_word' id='word_1_76' title='bbox 361 1696 537 1796; x_wconf 80' lang='lat' dir='ltr'><strong>agendum</strong></span> <span class='ocrx_word' id='word_1_77' title='bbox 561 1713 621 1770; x_wconf 88' lang='lat' dir='ltr'><strong>aut</strong></span> <span class='ocrx_word' id='word_1_78' title='bbox 645 1723 718 1772; x_wconf 91' lang='lat' dir='ltr'><strong>non</strong></span> <span class='ocrx_word' id='word_1_79' title='bbox 744 1696 1052 1796; x_wconf 65' lang='lat' dir='ltr'><strong>agendumsergo</strong></span> <span class='ocrx_word' id='word_1_80' title='bbox 1077 1711 1163 1767; x_wconf 79' lang='lat' dir='ltr'><strong>etc..</strong></span> <span class='ocrx_word' id='word_1_81' title='bbox 1188 1670 1232 1790; x_wconf 64' lang='lat' dir='ltr'><strong>ll.</strong></span> <span class='ocrx_word' id='word_1_82' title='bbox 1249 1697 1344 1768; x_wconf 78' lang='lat' dir='ltr'><strong>Prae·</strong></span> 
     </span>
     <span class='ocr_line' id='line_1_13' title="bbox 356 1805 1343 1908; baseline -0.004 -26"><span class='ocrx_word' id='word_1_83' title='bbox 356 1812 526 1884; x_wconf 79' lang='lat' dir='ltr'><strong>termissis</strong></span> <span class='ocrx_word' id='word_1_84' title='bbox 551 1809 747 1908; x_wconf 86' lang='lat' dir='ltr'><strong>aliquorum</strong></span> <span class='ocrx_word' id='word_1_85' title='bbox 771 1808 1064 1908; x_wconf 86' lang='lat' dir='ltr'><strong>responsionibus,</strong></span> <span class='ocrx_word' id='word_1_86' title='bbox 1079 1809 1127 1879; x_wconf 81' lang='lat' dir='ltr'><strong>ita</strong></span> <span class='ocrx_word' id='word_1_87' title='bbox 1148 1805 1343 1908; x_wconf 82' lang='lat' dir='ltr'><strong>distinguo:</strong></span> 
     </span>
     <span class='ocr_line' id='line_1_14' title="bbox 360 1919 1344 2020; baseline -0.002 -26"><span class='ocrx_word' id='word_1_88' title='bbox 360 1923 397 1994; x_wconf 89' lang='lat' dir='ltr'><strong>in</strong></span> <span class='ocrx_word' id='word_1_89' title='bbox 422 1922 661 1996; x_wconf 77' lang='lat' dir='ltr'><strong>observatione</strong></span> <span class='ocrx_word' id='word_1_90' title='bbox 686 1936 945 2020; x_wconf 80' lang='lat' dir='ltr'><strong>praeceptorum</strong></span> <span class='ocrx_word' id='word_1_91' title='bbox 969 1919 1056 2018; x_wconf 78' lang='lat' dir='ltr'><strong>legis</strong></span> <span class='ocrx_word' id='word_1_92' title='bbox 1081 1919 1247 1992; x_wconf 88' lang='lat' dir='ltr'><strong>naturalis</strong></span> <span class='ocrx_word' id='word_1_93' title='bbox 1268 1947 1344 1994; x_wconf 89' lang='lat' dir='ltr'><strong>non</strong></span> 
     </span>
     <span class='ocr_line' id='line_1_15' title="bbox 360 2027 1344 2128; baseline 0.003 -28"><span class='ocrx_word' id='word_1_94' title='bbox 360 2027 426 2100; x_wconf 83' lang='lat' dir='ltr'><strong>fuit</strong></span> <span class='ocrx_word' id='word_1_95' title='bbox 450 2029 662 2120; x_wconf 82' lang='lat' dir='ltr'><strong>indifferens,</strong></span> <span class='ocrx_word' id='word_1_96' title='bbox 687 2027 801 2126; x_wconf 90' lang='lat' dir='ltr'><strong>quoad</strong></span> <span class='ocrx_word' id='word_1_97' title='bbox 827 2027 1053 2101; x_wconf 67' lang='lat' dir='ltr'><strong>substantiam</strong></span> <span class='ocrx_word' id='word_1_98' title='bbox 1070 2029 1121 2100; x_wconf 84' lang='lat' dir='ltr'><strong>rei</strong></span> <span class='ocrx_word' id='word_1_99' title='bbox 1146 2029 1344 2128; x_wconf 78' lang='lat' dir='ltr'><strong>imperatae,</strong></span> 
     </span>
     <span class='ocr_line' id='line_1_16' title="bbox 359 2139 1343 2238; baseline 0.002 -26"><span class='ocrx_word' id='word_1_100' title='bbox 359 2139 524 2230; x_wconf 74' lang='lat' dir='ltr'><strong>conced03</strong></span> <span class='ocrx_word' id='word_1_101' title='bbox 551 2139 671 2236; x_wconf 87' lang='lat' dir='ltr'><strong>quoad·</strong></span> <span class='ocrx_word' id='word_1_102' title='bbox 692 2141 864 2214; x_wconf 86' lang='lat' dir='ltr'><strong>motivum</strong></span> <span class='ocrx_word' id='word_1_103' title='bbox 882 2139 1032 2238; x_wconf 86' lang='lat' dir='ltr'><strong>aliasque</strong></span> <span class='ocrx_word' id='word_1_104' title='bbox 1053 2139 1343 2233; x_wconf 81' lang='lat' dir='ltr'><strong>circumstantias,</strong></span> 
     </span>
     <span class='ocr_line' id='line_1_17' title="bbox 358 2245 1342 2352; baseline 0.006 -36"><span class='ocrx_word' id='word_1_105' title='bbox 358 2273 393 2316; x_wconf 78' lang='grc' dir='ltr'><strong>ιι</strong></span> <span class='ocrx_word' id='word_1_106' title='bbox 420 2245 639 2318; x_wconf 77' lang='lat' dir='ltr'><strong>antecedens.</strong></span> <span class='ocrx_word' id='word_1_107' title='bbox 664 2248 753 2320; x_wconf 83' lang='lat' dir='ltr'><strong>Nam</strong></span> <span class='ocrx_word' id='word_1_108' title='bbox 778 2249 948 2340; x_wconf 87' lang='lat' dir='ltr'><strong>Christus,</strong></span> <span class='ocrx_word' id='word_1_109' title='bbox 973 2249 1033 2346; x_wconf 92' lang='lat' dir='ltr'><strong>qui</strong></span> <span class='ocrx_word' id='word_1_110' title='bbox 1057 2273 1288 2352; x_wconf 87' lang='lat' dir='ltr'><strong>nonsempcr</strong></span> <span class='ocrx_word' id='word_1_111' title='bbox 1303 2275 1342 2322; x_wconf 91' lang='lat' dir='ltr'><strong>o·</strong></span> 
     </span>
     <span class='ocr_line' id='line_1_18' title="bbox 358 2356 1341 2459; baseline 0.005 -29"><span class='ocrx_word' id='word_1_112' title='bbox 358 2357 469 2454; x_wconf 77' lang='lat' dir='ltr'><strong>perani</strong></span> <span class='ocrx_word' id='word_1_113' title='bbox 497 2356 689 2448; x_wconf 86' lang='lat' dir='ltr'><strong>tenebatur,</strong></span> <span class='ocrx_word' id='word_1_114' title='bbox 706 2356 803 2454; x_wconf 86' lang='lat' dir='ltr'><strong>quod</strong></span> <span class='ocrx_word' id='word_1_115' title='bbox 832 2375 907 2430; x_wconf 88' lang='lat' dir='ltr'><strong>erat</strong></span> <span class='ocrx_word' id='word_1_116' title='bbox 931 2358 1238 2459; x_wconf 84' lang='lat' dir='ltr'><strong>perfectissimum,</strong></span> <span class='ocrx_word' id='word_1_117' title='bbox 1254 2385 1341 2459; x_wconf 78' lang='lat' dir='ltr'><strong>prae·</strong></span> 
     </span>
     <span class='ocr_line' id='line_1_19' title="bbox 356 2465 1340 2568; baseline 0.004 -30"><span class='ocrx_word' id='word_1_118' title='bbox 356 2483 458 2565; x_wconf 88' lang='lat' dir='ltr'><strong>cepta</strong></span> <span class='ocrx_word' id='word_1_119' title='bbox 492 2465 578 2564; x_wconf 87' lang='lat' dir='ltr'><strong>legis</strong></span> <span class='ocrx_word' id='word_1_120' title='bbox 603 2484 737 2540; x_wconf 81' lang='lat' dir='ltr'><strong>naturae</strong></span> <span class='ocrx_word' id='word_1_121' title='bbox 763 2469 880 2568; x_wconf 89' lang='lat' dir='ltr'><strong>potuit</strong></span> <span class='ocrx_word' id='word_1_122' title='bbox 904 2471 971 2542; x_wconf 92' lang='lat' dir='ltr'><strong>boc</strong></span> <span class='ocrx_word' id='word_1_123' title='bbox 996 2469 1053 2542; x_wconf 89' lang='lat' dir='ltr'><strong>vel</strong></span> <span class='ocrx_word' id='word_1_124' title='bbox 1086 2469 1146 2542; x_wconf 93' lang='lat' dir='ltr'><strong>illo</strong></span> <span class='ocrx_word' id='word_1_125' title='bbox 1181 2469 1340 2560; x_wconf 87' lang='lat' dir='ltr'><strong>motivo,</strong></span> 
     </span>
     <span class='ocr_line' id='line_1_20' title="bbox 355 2577 1337 2680; baseline 0.002 -31"><span class='ocrx_word' id='word_1_126' title='bbox 355 2579 424 2650; x_wconf 91' lang='lat' dir='ltr'><strong>boc</strong></span> <span class='ocrx_word' id='word_1_127' title='bbox 450 2577 507 2649; x_wconf 90' lang='lat' dir='ltr'><strong>vel</strong></span> <span class='ocrx_word' id='word_1_128' title='bbox 532 2577 599 2650; x_wconf 85' lang='lat' dir='ltr'><strong>alio</strong></span> <span class='ocrx_word' id='word_1_129' title='bbox 624 2595 796 2678; x_wconf 64' lang='lat' dir='ltr'><strong>tenpore,</strong></span> <span class='ocrx_word' id='word_1_130' title='bbox 814 2595 850 2651; x_wconf 87' lang='lat' dir='ltr'><strong>et</strong></span> <span class='ocrx_word' id='word_1_131' title='bbox 866 2581 987 2680; x_wconf 85' lang='lat' dir='ltr'><strong>majori</strong></span> <span class='ocrx_word' id='word_1_132' title='bbox 1013 2582 1184 2654; x_wconf 88' lang='lat' dir='ltr'><strong>minorive</strong></span> <span class='ocrx_word' id='word_1_133' title='bbox 1211 2579 1337 2654; x_wconf 85' lang='lat' dir='ltr'><strong>affectu</strong></span> 
     </span>
     <span class='ocr_line' id='line_1_21' title="bbox 355 2689 1339 2794; baseline 0.004 -34"><span class='ocrx_word' id='word_1_134' title='bbox 355 2689 544 2762; x_wconf 86' lang='lat' dir='ltr'><strong>voluntatis</strong></span> <span class='ocrx_word' id='word_1_135' title='bbox 570 2689 778 2790; x_wconf 84' lang='lat' dir='ltr'><strong>adimplere:</strong></span> <span class='ocrx_word' id='word_1_136' title='bbox 806 2707 910 2789; x_wconf 86' lang='lat' dir='ltr'><strong>atque</strong></span> <span class='ocrx_word' id='word_1_137' title='bbox 935 2690 1054 2764; x_wconf 88' lang='lat' dir='ltr'><strong>habito</strong></span> <span class='ocrx_word' id='word_1_138' title='bbox 1090 2694 1139 2764; x_wconf 90' lang='lat' dir='ltr'><strong>sic</strong></span> <span class='ocrx_word' id='word_1_139' title='bbox 1173 2707 1339 2794; x_wconf 89' lang='lat' dir='ltr'><strong>respectu</strong></span> 
     </span>
     <span class='ocr_line' id='line_1_22' title="bbox 354 2802 1338 2898; baseline 0.002 -24"><span class='ocrx_word' id='word_1_140' title='bbox 354 2802 703 2893; x_wconf 80' lang='lat' dir='ltr'><strong>circumstantiarum,</strong></span> <span class='ocrx_word' id='word_1_141' title='bbox 727 2829 851 2898; x_wconf 84' lang='lat' dir='ltr'><strong>eorum</strong></span> <span class='ocrx_word' id='word_1_142' title='bbox 869 2803 1116 2878; x_wconf 85' lang='lat' dir='ltr'><strong>mandatorum</strong></span> <span class='ocrx_word' id='word_1_143' title='bbox 1139 2803 1338 2876; x_wconf 86' lang='lat' dir='ltr'><strong>observatio</strong></span> 
     </span>
     <span class='ocr_line' id='line_1_23' title="bbox 356 2907 1336 3012; baseline 0.006 -34"><span class='ocrx_word' id='word_1_144' title='bbox 356 2907 421 2984; x_wconf 84' lang='lat' dir='ltr'><strong>snit</strong></span> <span class='ocrx_word' id='word_1_145' title='bbox 447 2909 554 2982; x_wconf 87' lang='lat' dir='ltr'><strong>libera</strong></span> <span class='ocrx_word' id='word_1_146' title='bbox 579 2912 617 2981; x_wconf 92' lang='lat' dir='ltr'><strong>in</strong></span> <span class='ocrx_word' id='word_1_147' title='bbox 644 2912 783 2984; x_wconf 86' lang='lat' dir='ltr'><strong>Christo</strong></span> <span class='ocrx_word' id='word_1_148' title='bbox 809 2929 846 2985; x_wconf 89' lang='lat' dir='ltr'><strong>et</strong></span> <span class='ocrx_word' id='word_1_149' title='bbox 870 2914 985 2986; x_wconf 81' lang='lat' dir='ltr'><strong>meriti</strong></span> <span class='ocrx_word' id='word_1_150' title='bbox 1012 2938 1131 3012; x_wconf 83' lang='lat' dir='ltr'><strong>capax.</strong></span> <span class='ocrx_word' id='word_1_151' title='bbox 1165 2913 1207 2984; x_wconf 90' lang='lat' dir='ltr'><strong>In</strong></span> <span class='ocrx_word' id='word_1_152' title='bbox 1234 2912 1336 2986; x_wconf 89' lang='lat' dir='ltr'><strong>nobis</strong></span> 
     </span>
     <span class='ocr_line' id='line_1_24' title="bbox 275 3020 1336 3122; baseline 0.001 -28"><span class='ocrx_word' id='word_1_153' title='bbox 275 3077 282 3094; x_wconf 81' lang='grc'><strong>.</strong></span> <span class='ocrx_word' id='word_1_154' title='bbox 354 3021 437 3116; x_wconf 87' lang='lat' dir='ltr'><strong>ipsis</strong></span> <span class='ocrx_word' id='word_1_155' title='bbox 463 3046 592 3111; x_wconf 85' lang='lat' dir='ltr'><strong>revera,</strong></span> <span class='ocrx_word' id='word_1_156' title='bbox 617 3022 646 3091; x_wconf 93' lang='lat' dir='ltr'><strong>si</strong></span> <span class='ocrx_word' id='word_1_157' title='bbox 672 3023 856 3093; x_wconf 81' lang='lat' dir='ltr'><strong>christiane</strong></span> <span class='ocrx_word' id='word_1_158' title='bbox 874 3025 1038 3122; x_wconf 84' lang='lat' dir='ltr'><strong>sapimus,</strong></span> <span class='ocrx_word' id='word_1_159' title='bbox 1056 3020 1182 3112; x_wconf 88' lang='lat' dir='ltr'><strong>morbi,</strong></span> <span class='ocrx_word' id='word_1_160' title='bbox 1200 3023 1336 3095; x_wconf 75' lang='lat' dir='ltr'><strong>calenti·</strong></span> 
     </span>
     <span class='ocr_line' id='line_1_25' title="bbox 351 3127 1336 3229; baseline 0.004 -31"><span class='ocrx_word' id='word_1_161' title='bbox 351 3141 450 3215; x_wconf 83' lang='lat' dir='ltr'><strong>tates,</strong></span> <span class='ocrx_word' id='word_1_162' title='bbox 472 3127 556 3198; x_wconf 86' lang='lat' dir='ltr'><strong>licet</strong></span> <span class='ocrx_word' id='word_1_163' title='bbox 581 3127 696 3223; x_wconf 88' lang='lat' dir='ltr'><strong>quoad</strong></span> <span class='ocrx_word' id='word_1_164' title='bbox 722 3155 799 3200; x_wconf 88' lang='lat' dir='ltr'><strong>rem</strong></span> <span class='ocrx_word' id='word_1_165' title='bbox 828 3131 1175 3229; x_wconf 83' lang='lat' dir='ltr'><strong>ipsamnecessariae</strong></span> <span class='ocrx_word' id='word_1_166' title='bbox 1202 3145 1240 3201; x_wconf 88' lang='lat' dir='ltr'><strong>et</strong></span> <span class='ocrx_word' id='word_1_167' title='bbox 1266 3131 1336 3202; x_wconf 88' lang='lat' dir='ltr'><strong>ine·</strong></span> 
     </span>
     <span class='ocr_line' id='line_1_26' title="bbox 349 3234 1332 3332; baseline 0.007 -27"><span class='ocrx_word' id='word_1_168' title='bbox 349 3234 540 3327; x_wconf 66' lang='lat' dir='ltr'><strong>Instabiles</strong></span> <span class='ocrx_word' id='word_1_169' title='bbox 567 3264 631 3308; x_wconf 90' lang='lat' dir='ltr'><strong>usu</strong></span> <span class='ocrx_word' id='word_1_170' title='bbox 658 3255 786 3329; x_wconf 88' lang='lat' dir='ltr'><strong>tamen,</strong></span> <span class='ocrx_word' id='word_1_171' title='bbox 812 3241 891 3332; x_wconf 84' lang='lat' dir='ltr'><strong>fine,</strong></span> <span class='ocrx_word' id='word_1_172' title='bbox 916 3243 1060 3332; x_wconf 87' lang='lat' dir='ltr'><strong>motivo,</strong></span> <span class='ocrx_word' id='word_1_173' title='bbox 1076 3241 1186 3312; x_wconf 89' lang='lat' dir='ltr'><strong>libera</strong></span> <span class='ocrx_word' id='word_1_174' title='bbox 1213 3240 1332 3314; x_wconf 91' lang='lat' dir='ltr'><strong>volun·</strong></span> 
     </span>
     <span class='ocr_line' id='line_1_27' title="bbox 347 3345 1328 3442; baseline 0.009 -31"><span class='ocrx_word' id='word_1_175' title='bbox 347 3345 394 3412; x_wconf 86' lang='lat' dir='ltr'><strong>tis</strong></span> <span class='ocrx_word' id='word_1_176' title='bbox 419 3347 619 3442; x_wconf 84' lang='lat' dir='ltr'><strong>acceptione</strong></span> <span class='ocrx_word' id='word_1_177' title='bbox 645 3345 764 3417; x_wconf 86' lang='lat' dir='ltr'><strong>liberae</strong></span> <span class='ocrx_word' id='word_1_178' title='bbox 801 3349 889 3420; x_wconf 88' lang='lat' dir='ltr'><strong>fiunt</strong></span> <span class='ocrx_word' id='word_1_179' title='bbox 922 3367 958 3422; x_wconf 89' lang='lat' dir='ltr'><strong>et</strong></span> <span class='ocrx_word' id='word_1_180' title='bbox 991 3351 1205 3422; x_wconf 77' lang='lat' dir='ltr'><strong>meritoriae:</strong></span> <span class='ocrx_word' id='word_1_181' title='bbox 1232 3375 1328 3424; x_wconf 89' lang='lat' dir='ltr'><strong>mors</strong></span> 
     </span>
     <span class='ocr_line' id='line_1_28' title="bbox 349 3451 1339 3556; baseline 0.012 -36"><span class='ocrx_word' id='word_1_182' title='bbox 349 3451 453 3522; x_wconf 85' lang='lat' dir='ltr'><strong>etiam</strong></span> <span class='ocrx_word' id='word_1_183' title='bbox 493 3455 686 3552; x_wconf 82' lang='lat' dir='ltr'><strong>Martyrum</strong></span> <span class='ocrx_word' id='word_1_184' title='bbox 726 3455 803 3527; x_wconf 87' lang='lat' dir='ltr'><strong>talis</strong></span> <span class='ocrx_word' id='word_1_185' title='bbox 833 3458 949 3530; x_wconf 88' lang='lat' dir='ltr'><strong>evadit</strong></span> <span class='ocrx_word' id='word_1_186' title='bbox 961 3499 980 3551; x_wconf 74' lang='lat'><strong>,=</strong></span> <span class='ocrx_word' id='word_1_187' title='bbox 996 3475 1116 3556; x_wconf 90' lang='lat' dir='ltr'><strong>estque</strong></span> <span class='ocrx_word' id='word_1_188' title='bbox 1133 3495 1135 3502; x_wconf 55' lang='lat'>&gt;</span> <span class='ocrx_word' id='word_1_189' title='bbox 1149 3462 1305 3556; x_wconf 80' lang='lat' dir='ltr'><strong>pretiosa</strong></span> <span class='ocrx_word' id='word_1_190' title='bbox 1319 3473 1339 3546; x_wconf 80' lang='lat'><strong>,&#39;</strong></span> 
     </span>
     <span class='ocr_line' id='line_1_29' title="bbox 348 3564 1336 3667; baseline 0.008 -37"><span class='ocrx_word' id='word_1_191' title='bbox 348 3564 656 3663; x_wconf 80' lang='lat' dir='ltr'><strong>quamviscuiqne</strong></span> <span class='ocrx_word' id='word_1_192' title='bbox 682 3565 909 3638; x_wconf 83' lang='lat' dir='ltr'><strong>constitutum</strong></span> <span class='ocrx_word' id='word_1_193' title='bbox 926 3569 971 3638; x_wconf 89' lang='lat' dir='ltr'><strong>sit</strong></span> <span class='ocrx_word' id='word_1_194' title='bbox 987 3569 1095 3640; x_wconf 92' lang='lat' dir='ltr'><strong>semel</strong></span> <span class='ocrx_word' id='word_1_195' title='bbox 1121 3569 1224 3658; x_wconf 89' lang='lat' dir='ltr'><strong>mori;</strong></span> <span class='ocrx_word' id='word_1_196' title='bbox 1251 3569 1336 3667; x_wconf 88' lang='lat' dir='ltr'><strong>quia—</strong></span> 
     </span>
     <span class='ocr_line' id='line_1_30' title="bbox 347 3669 1326 3776; baseline 0.008 -36"><span class='ocrx_word' id='word_1_197' title='bbox 347 3685 406 3740; x_wconf 86' lang='lat' dir='ltr'><strong>aut</strong></span> <span class='ocrx_word' id='word_1_198' title='bbox 419 3669 488 3742; x_wconf 85' lang='lat' dir='ltr'><strong>alio</strong></span> <span class='ocrx_word' id='word_1_199' title='bbox 507 3673 629 3743; x_wconf 87' lang='lat' dir='ltr'><strong>mortis</strong></span> <span class='ocrx_word' id='word_1_200' title='bbox 647 3699 784 3770; x_wconf 82' lang='lat' dir='ltr'><strong>genere,</strong></span> <span class='ocrx_word' id='word_1_201' title='bbox 801 3691 862 3746; x_wconf 86' lang='lat' dir='ltr'><strong>aut</strong></span> <span class='ocrx_word' id='word_1_202' title='bbox 878 3692 1024 3776; x_wconf 87' lang='lat' dir='ltr'><strong>propter</strong></span> <span class='ocrx_word' id='word_1_203' title='bbox 1045 3679 1244 3750; x_wconf 62' lang='lat' dir='ltr'><strong>liutherum</strong></span> <span class='ocrx_word' id='word_1_204' title='bbox 1271 3675 1326 3750; x_wconf 87' lang='lat' dir='ltr'><strong>vel</strong></span> 
     </span>
    </p>

    <p class='ocr_par' dir='ltr' id='par_1_5' title="bbox 346 3777 1357 3890">
     <span class='ocr_line' id='line_1_31' title="bbox 346 3777 1357 3890; baseline 0.009 -38"><span class='ocrx_word' id='word_1_205' title='bbox 346 3783 597 3874; x_wconf 76' lang='lat' dir='ltr'><strong>Mabometum,</strong></span> <span class='ocrx_word' id='word_1_206' title='bbox 623 3801 681 3854; x_wconf 87' lang='lat' dir='ltr'><strong>aut</strong></span> <span class='ocrx_word' id='word_1_207' title='bbox 707 3783 774 3858; x_wconf 89' lang='lat' dir='ltr'><strong>alio</strong></span> <span class='ocrx_word' id='word_1_208' title='bbox 800 3786 880 3878; x_wconf 84' lang='lat' dir='ltr'><strong>fine,</strong></span> <span class='ocrx_word' id='word_1_209' title='bbox 906 3787 983 3862; x_wconf 91' lang='lat' dir='ltr'><strong>loco</strong></span> <span class='ocrx_word' id='word_1_210' title='bbox 997 3844 1007 3880; x_wconf 88' lang='lat'>,</span> <span class='ocrx_word' id='word_1_211' title='bbox 1036 3805 1198 3890; x_wconf 86' lang='lat' dir='ltr'><strong>tempore</strong></span> <span class='ocrx_word' id='word_1_212' title='bbox 1227 3815 1329 3866; x_wconf 86' lang='lat' dir='ltr'><strong>suurn</strong></span> <span class='ocrx_word' id='word_1_213' title='bbox 1355 3777 1357 3781; x_wconf 28' lang='lat'><strong><em>¹</em></strong></span> 
     </span>
    </p>
   </div>
   <div class='ocr_carea' id='block_1_4' title="bbox 184 3887 853 3992">
    <p class='ocr_par' dir='ltr' id='par_1_6' title="bbox 184 3879 853 3992">
     <span class='ocr_line' id='line_1_32' title="bbox 184 3887 853 3992; baseline 0.004 -29"><span class='ocrx_word' id='word_1_214' title='bbox 184 3887 186 3892; x_wconf 61' lang='grc'>’</span> <span class='ocrx_word' id='word_1_215' title='bbox 343 3889 434 3962; x_wconf 79' lang='lat' dir='ltr'><strong>forte</strong></span> <span class='ocrx_word' id='word_1_216' title='bbox 453 3890 560 3964; x_wconf 84' lang='lat' dir='ltr'><strong>&#39;diem</strong></span> <span class='ocrx_word' id='word_1_217' title='bbox 587 3891 682 3966; x_wconf 90' lang='lat' dir='ltr'><strong>obire</strong></span> <span class='ocrx_word' id='word_1_218' title='bbox 700 3911 853 3992; x_wconf 83' lang='lat' dir='ltr'><strong>possent.</strong></span> 
     </span>
    </p>
   </div>
   <div class='ocr_carea' id='block_1_5' title="bbox 0 0 1458 4962">
    <p class='ocr_par' dir='ltr' id='par_1_7' title="bbox 0 0 1458 4962">
     <span class='ocr_line' id='line_1_33' title="bbox 0 0 1458 4962; baseline 0 8"><span class='ocrx_word' id='word_1_219' title='bbox 0 0 1458 4962; x_wconf 95' lang='lat' dir='ltr'><strong> </strong></span> 
     </span>
    </p>
   </div>
  </div>
 </body>
</html>
