2942 4962
390 473 463 550 156
639 494 701 544 tir.
728 491 763 540 iv
788 489 956 540 sacrroms
982 489 1016 536 iv
1042 489 1071 538 c.
1097 447 1111 532 i

386 587 452 676 nis,
477 583 537 682 qui
552 578 709 656 concreti
724 589 904 666 vocantur,
925 589 1096 672 quatenus
1112 575 1303 674 significata
1327 574 1371 646 ab

388 698 445 772 his
468 692 546 766 idea
572 717 592 762 a
617 687 772 788 subjecto
797 701 834 757 et
859 683 971 759 forma
987 681 1095 758 veluti
1113 686 1306 758 concrescit
1322 699 1371 756 at·

390 831 460 906 que
485 801 721 904 componitur,
745 797 891 893 hoecque
916 791 1022 866 simul
1038 787 1299 895 exprimuntur:
1325 795 1375 865 ita

390 940 427 988 se
443 911 575 986 habent
590 921 754 983 concreta
771 903 995 996 substantiva,
1011 905 1124 992 Deus,
1139 901 1262 992 Ιιοηιο,
1279 931 1376 984 narn·

390 1051 459 1124 quo
476 1025 575 1098 Deus
591 1034 692 1093 sonat
704 1015 799 1089 idem
811 1041 852 1089 ac
867 1013 1002 1089 tabens
1017 1015 1248 1104 divinitatem,
1260 1031 1297 1090 at
1313 1015 1376 1112 iro·

391 1158 450 1208 mo
466 1131 620 1232 idipsum
633 1151 673 1200 ac
685 1123 819 1200 Ιιεόεηε
836 1123 1113 1213 humanitatem
1126 1141 1163 1198 et
1174 1125 1224 1199 sic
1236 1149 1376 1200 concre-

390 1256 427 1314 ta
443 1238 586 1314 nomina
603 1233 780 1335 adjectiva,
789 1232 963 1332 patibilis,
980 1235 1201 1308 immortalis.
1216 1234 1295 1308 Non
1317 1262 1374 1308 au·

390 1366 466 1423 tem
489 1346 608 1421 locum
633 1344 770 1418 obtinet
795 1343 867 1418 ullo
892 1343 1011 1436 modo,
1036 1345 1065 1417 si
1090 1345 1151 1418 fiat
1166 1344 1372 1447 praedicatio

391 1457 574 1532 abstractis
607 1456 644 1528 in
679 1454 859 1547 terminis,
885 1456 946 1553 qui
972 1452 1122 1528 formam
1151 1454 1376 1530 solummodo

391 1567 598 1667 significant,
622 1589 729 1663 quam
745 1562 912 1636 exhibent
927 1561 1025 1652 velut
1040 1561 1248 1638 abstractam
1274 1579 1310 1636 et
1326 1590 1375 1637 se·

387 1680 547 1780 junctam
564 1673 768 1776 asubjecto,
783 1675 910 1774 inquo
927 1673 1072 1748 residet:
1098 1673 1192 1750 uude
1217 1673 1286 1749 dici
1297 1702 1375 1749 non

392 1801 522 1890 posset,
546 1785 655 1860 deitas
680 1800 731 1858 est
755 1781 987 1872 hamanitas,
1012 1781 1069 1857 vel
1093 1781 1299 1858 humanitas
1324 1799 1377 1856 est

393 1895 573 1982 divionen
598 1891 662 1966 sed
687 1907 828 1994 oportet
850 1892 1038 1983 enunciari,
1054 1893 1153 1967 Deus
1176 1907 1228 1967 est
1252 1890 1377 1978 tonw,

313 2071 317 2078 .
397 2000 504 2078 honio
530 2018 582 2077 est
601 2003 719 2092 Deus,
743 2003 792 2076 ita
816 2003 884 2074 rite
909 2000 1072 2075 videlicet
1096 2003 1134 2073 in
1159 2015 1334 2074 concreto.

444 2116 508 2188 His
532 2116 571 2188 in
596 2131 814 2188 antecessum
839 2115 980 2214 majoris
1005 2112 1168 2186 claritatis
1193 2139 1276 2214 ergo
1294 2111 1377 2186 dilu-

394 2225 541 2318 cidatis,
567 2251 650 2299 cum
683 2241 804 2300 contra
833 2225 1055 2300 Nestorianos
1088 2226 1315 2325 profiteamur
1340 2225 1377 2296 in

395 2335 537 2410 Christo
561 2359 669 2410 unam
689 2360 887 2436 personam,
902 2335 940 2408 in
957 2359 1026 2434 qua
1051 2333 1129 2408 duoe
1146 2349 1279 2410 naturae
1296 2359 1379 2407 con·

391 2446 612 2545 junguntur,
637 2442 727 2518 idest
752 2472 864 2518 unum
889 2445 1222 2536 Deum-hominem,
1248 2469 1310 2516 suo
1337 2459 1378 2540 ut
1464 2456 1465 2476 ¹

395 2547 475 2648 loco
498 2551 660 2646 vidimus3
686 2553 794 2628 modo
820 2553 984 2630 adversus
1008 2555 1102 2628 hunc
1119 2578 1274 2652 gregem,
1299 2567 1376 2634 toto
1463 2645 1464 2648 Ἴ

255 2671 257 2678 ’
296 2759 300 2769 ,
397 2663 484 2738 calle
500 2665 654 2740 veritatis
670 2681 858 2759 errantem,
875 2692 952 2738 eam
972 2665 1149 2740 tuebimur
1165 2665 1378 2738 idiontaotm

399 2771 783 2864 Communicationem,
808 2801 915 2874 quam
942 2793 1102 2880 respectu
1128 2799 1286 2878 personae
1316 2791 1378 2852 aut

397 2888 436 2960 io
461 2901 624 2959 concreto
650 2887 725 2961 fieri
751 2905 845 2960 reete
871 2915 985 2990 posse,
1010 2889 1187 2963 Nestorius
1204 2905 1241 2960 et
1256 2888 1378 2964 Nesto·

399 2996 485 3074 riani
510 3012 651 3098 negant·
698 3071 700 3076 ,

396 3193 400 3200 ,
449 3105 611 3206 Cumque
637 3105 801 3185 adversus
825 3101 1190 3208 Eutychem'naturas
1216 3107 1301 3184 duas
1332 3109 1379 3180 sa·

398 3233 535 3296 reamur
568 3223 605 3318 a}
621 3243 657 3290 se
690 3235 827 3296 mutuo¹
859 3221 1025 3294 discretas
1059 3237 1095 3292 et
1126 3223 1380 3320 impermixtae

397 3325 639 3423 Eutychianos
676 3327 781 3400 etiam
819 3325 1048 3420 adoriemur,
1083 3328 1143 3425 qui
1180 3328 1283 3400 unius
1321 3355 1380 3400 na·

401 3448 489 3504 turae
524 3433 689 3510 attributa
726 3433 972 3510 transferentes
1004 3436 1041 3507 in
1079 3435 1223 3508 alteram
1255 3432 1381 3510 eadem

400 3540 499 3616 alteri
523 3544 724 3617 communia
749 3543 891 3638 faciunt,
917 3561 953 3618 et
978 3546 1264 3620 communionem
1285 3561 1381 3616 natu-

401 3675 519 3730 rarum
544 3669 604 3724 aut
628 3654 882 3754 proprietatum
908 3655 1038 3728 Christi
1054 3641 1283 3756 ΧῙοηὴιιὶεηι,
1307 3678 1380 3736 non

402 3764 756 3838 communicationem
781 3767 818 3838 in
844 3783 1020 3860 concreto,
1037 3765 1228 3862 defensant
1245 3766 1309 3836 His
1326 3793 1380 3838 au·
1415 3777 1417 3780 ’

400 3894 478 3954 tem
503 3877 598 3952 visco
623 3879 773 3980 propriae
797 3876 1311 3981 perversitatis-adglutinantur
1337 3903 1380 3955 ex
