2932 4970
395 611 456 687 Qui
481 610 612 675 fecitte
635 611 704 675 sine
729 619 770 688 te,
794 609 907 689 Deum,
931 608 1158 676 tui-auctorem
1173 609 1270 676 hahes
1285 621 1335 678 at·

348 731 411 798 que
442 711 652 797 principium:
684 711 752 795 ipse
783 710 916 776 esttibi
946 721 1030 775 meta
1062 722 1158 798 atque
1187 709 1331 777 felicitas.

349 814 452 879 Tuum
470 831 547 897 ergo
571 810 729 900 opificem,
747 813 885 898 primum
901 811 962 878 tibi
978 810 1172 896 principium
1187 820 1220 877 et
1236 809 1334 878 linem

348 928 544 997 extremum,
568 936 585 981 a
609 917 769 1003 principio
793 916 833 981 ad
856 913 952 981 finem
976 915 1010 979 in
1035 913 1186 982 omnibus
1209 913 1332 982 adora:

349 1028 386 1082 ut
410 1017 534 1098 adores,
557 1035 718 1101 agnosre3
744 1027 779 1083 ut
804 1035 968 1102 agnoscas,
992 1014 1098 1096 stude;
1121 1025 1158 1080 ut
1182 1014 1332 1096 studens,

350 1138 455 1184 exora.
479 1121 546 1186 Nisi
570 1120 632 1185 hoc
655 1118 777 1199 seceris,
800 1118 916 1186 inlecta
940 1119 1006 1184 sint
1030 1117 1147 1184 omnia.

638 1267 871 1336 nrrnnlnuu
888 1267 1040 1356 eroon.

394 1523 479 1600 Quid
504 1533 536 1590 et
561 1525 653 1612 quale
677 1525 739 1589 hoc
763 1419 936 1588 studlumi
960 1520 1048 1588 dicat
1076 1518 1188 1587 Cicero
1213 1520 1332 1586 Rheto-

348 1625 404 1690 ric.
428 1625 512 1690 libro
536 1623 654 1691 1-25:
679 1638 725 1690 ert
749 1625 859 1689 animi
882 1625 1018 1691 occiduo
1041 1635 1071 1689 et
1094 1622 1265 1688 uehemens
1289 1623 1336 1686 ud

348 1728 501 1816 olz'quom
524 1750 596 1794 rem
622 1731 786 1815 applicato
809 1749 936 1813 meque
952 1749 1033 1794 cum
1049 1729 1219 1793 uoluntate
1234 1713 1332 1790 occel-
1442 1778 1445 1782 .

346 1831 451 1912 potiu-
475 1843 513 1896 ut
534 1830 752 1917 piu‘loeophiae,
766 1830 905 1916 poetice,
919 1830 1113 1916 qeomcm'o,
1136 1828 1332 1907 literarum,

349 1933 468 2012 adden
486 1935 532 2000 uti
551 1943 582 1998 et
599 1933 879 2020 Jurisprudentiu,
895 1932 1073 2013 lledicinae,
1096 1930 1278 2017 Theologire
1301 1957 1333 1996 n.

347 2032 460 2098 Noster
482 2053 611 2120 quoque
633 2033 828 2119 Augustinus
845 2034 884 2098 de
900 2032 1011 2099 Trinit.
1027 2032 1110 2100 libro
1127 2029 1173 2096 l0
1189 2031 1331 2098 studium

350 2133 429 2198 dicit
443 2137 612 2200 ardentem
630 2137 878 2222 instantemque
895 2137 1110 2200 volontatem.
1126 2133 1241 2210 Quare,
1257 2149 1334 2196 cum

349 2233 461 2296 eodem
486 2254 525 2302 ex
548 2233 631 2298 libro
657 2235 696 2300 de
717 2235 815 2300 Utilit.
841 2233 1004 2316 credendi,
1026 2233 1209 2301 studiosum
1233 2252 1328 2299 voca-

349 2354 420 2397 mus
446 2335 557 2412 illum,
580 2337 636 2422 qui
661 2355 707 2416 eu,
732 2357 803 2422 qoae
829 2338 869 2403 ad
893 2339 1035 2402 animum
1059 2336 1270 2404 nutriendum
1294 2335 1335 2399 li-

352 2432 502 2498 beraliter
527 2446 622 2522 atque
646 2438 828 2502 ornandum
845 2439 1020 2524 pertinent,
1035 2439 1266 2523 impensissime
1283 2455 1333 2500 re·

351 2536 458 2620 quirit.
783 2547 785 2554 “

396 2637 434 2703 dt
457 2640 516 2703 suh
541 2640 837 2724 haecvidendum,
861 2663 901 2708 ne
917 2644 1023 2710 'simus
1052 2643 1167 2709 vitiose
1191 2641 1329 2707 curiosi:

351 2743 428 2816 tales
452 2755 538 2825 sont,
561 2746 616 2831 qui
641 2765 677 2811 ea
701 2748 883 2833 requirunt,
906 2768 978 2836 quae
1002 2749 1084 2814 nihil
1108 2747 1148 2814 ad
1173 2767 1206 2812 se
1229 2745 1334 2832 perti·

351 2856 437 2910 nent.
463 2846 694 2928 Quamobrem,
717 2849 824 2916 verbis
848 2860 924 2915 utor
947 2847 1116 2934 Augustini
1142 2846 1181 2912 de
1206 2845 1335 2910 Doctri-

341 2957 390 3014 'na
416 2949 530 3016 Christ.
547 2951 566 3016 l.
583 2950 616 3031 2,
632 2953 761 3018 videtur
778 2955 866 3034 mihi,
883 2954 1056 3040 ingeniosis
1075 2947 1332 3018 adolescentibus

350 3047 538 3137 beatamque
561 3055 660 3118 vitam
685 3055 905 3139 querentibus
930 3054 1099 3120 salubriter
1123 3051 1269 3139 praecipi,
1295 3057 1334 3116 ut

350 3151 453 3216 nullas
481 3152 655 3234 doctrinas,
679 3175 751 3241 quae
775 3166 893 3241 praeter
910 3155 1082 3222 Ecclesiam
1107 3154 1226 3219 Christi
1241 3169 1346 3218 exer-1

349 3261 484 3330 centur,
508 3275 620 3318 recurre
644 3256 741 3342 requi
762 3258 908 3321 audeaut
938 3269 1105 3342 tuaquom
1134 3255 1179 3319 ud
1204 3255 1334 3330 dentum

350 3355 454 3419 vitum
473 3360 718 3441 supermodum,
730 3359 786 3424 sed
803 3379 854 3424 eas
870 3358 975 3426 sobrie
993 3357 1231 3445 diligenterque
1248 3355 1349 3441 diju-v

350 3455 475 3521 dicent:
500 3459 583 3523 etsi
608 3479 687 3546 quas
712 3461 896 3526 invenerint
918 3461 1056 3540 noxias,
1080 3459 1214 3524 omnino
1244 3456 1351 3520 dete·-

348 3566 496 3636 stentur3
520 3569 553 3624 et
578 3580 594 3623 a
619 3560 786 3646 superfluis
810 3581 847 3628 ac
873 3561 1049 3628 luxuriosis
1066 3560 1226 3626 studium
1257 3557 1333 3622 alie·

347 3669 440 3724 nent:
457 3678 537 3746 *quae
563 3660 604 3726 ad
628 3663 815 3730 societatem
847 3663 1088 3729 conviventium
1115 3660 1246 3740 valent,
1271 3676 1331 3744 pro

347 3764 415 3848 ipsa
447 3763 544 3851 hujus
569 3766 644 3830 vitoe
677 3769 865 3832 necessitate
893 3785 960 3832 non
990 3765 1167 3852 negligant.
1190 3755 1334 3840 Verum,

346 3886 404 3952 per
427 3867 532 3932 omnio
558 3870 709 3953 adprime
733 3873 771 3935 io
800 3873 867 3936 uite
890 3893 955 3937 erre
979 3872 1083 3951 utile,
1108 3882 1149 3936 ct
1170 3885 1217 3934 ue
1248 3885 1331 3946 our-o

348 3989 460 4052 urum,
483 3971 642 4056 expressit
667 3969 833 4038 Terentius
858 3973 891 4039 in
908 3971 1054 4054 Andria,
1068 3979 1104 4036 et·
1125 3978 1204 4037 noto
1229 3963 1334 4032 Greci
