2908 4962
359 511 431 586 tra
608 532 668 580 ur.
693 531 729 582 tv
754 528 921 582 ssorrosrs
945 531 984 579 ιιι
1012 529 1042 579 o.
1067 531 1080 578 ι

356 619 470 719 inquit
493 617 672 710 Irenaeus,
695 616 867 692 universa·
895 617 1062 690 hoereses'
1080 613 1335 690 substiterunt:

355 730 489 805 Simoni
514 743 631 801 autem
657 753 762 826 mago
779 725 999 800 adhaeserunt
1016 753 1094 801 saec.
1110 728 1145 799 11
1162 728 1338 822 Marcion,

355 823 549 938 appellatus
565 837 799 910 Antonianas
816 832 1085 909 temerasset
1103 835 1169 908 Pio
1187 837 1334 933 impius,

355 965 393 1020 et
416 950 468 1020 111
494 946 575 1020 dein
600 973 677 1022 saec.
704 943 875 1020 Cabricus
900 971 962 1018 seu
980 947 1113 1040 Manes,
1132 947 1337 1020 Maniahaeo·

355 1082 436 1130 rum
460 1072 570 1157 pater,
596 1055 803 1147 effutientes,
829 1053 925 1153 quod
951 1055 1110 1128 Christus
1126 1056 1335 1156 phantasma

354 1167 470 1260 suerit,
494 1193 561 1241 neo
585 1193 708 1241 verum
734 1192 873 1268 corpus,
898 1165 964 1240 sed
980 1167 1112 1238 aerium
1138 1183 1175 1240 et
1200 1164 1337 1239 umbra·

355 1278 416 1349 tile
443 1278 652 1378 gestaverit,
677 1277 737 1350 ubi
763 1303 836 1351 uon
862 1278 981 1352 solum
1005 1295 1182 1366 mortem,
1210 1302 1334 1352 verum

309 1423 310 1427 ¹
356 1392 464 1461 etium
504 1392 794 1468 resurrectionem
828 1390 990 1463 similiter
1023 1391 1256 1476 mentiretur,
1294 1403 1337 1458 ut

356 1497 464 1570 refert
489 1498 532 1572 de
559 1498 756 1600 hujusmodi
783 1501 1034 1572 Manetaeorum
1060 1525 1177 1572 errore
1196 1499 1230 1570 S.
1247 1523 1338 1598 prae-

357 1609 410 1682 sul
436 1611 663 1710 Augustinus.
691 1611 860 1682 Omnium
877 1636 942 1682 nos
959 1608 1129 1682 insaniam
1145 1609 1243 1682 brevi
1260 1634 1338 1710 per·

356 1721 585 1820 stringemus:
607 1719 843 1820 addemusque
861 1719 984 1792 eadem
1002 1721 1090 1793 thesi
1108 1745 1337 1793 communem

355 1832 617 1906 Catholicorum
646 1834 885 1934 opinationem
915 1831 959 1904 de
984 1830 1142 1934 partibus
1158 1830 1340 1932 corporeis

288 2001 291 2008 ι
357 1967 442 2040 quas
467 1941 668 2014 immediate
693 1940 851 2015 Verbum
873 1942 1108 2041 assumpserit.

409 2055 446 2126 2⁰
472 2070 525 2124 est
551 2055 656 2126 etiam
681 2055 748 2126 hac
773 2080 879 2154 super
904 2081 941 2126 re
976 2053 1126 2126 alterum
1161 2053 1338 2124 commenss

356 2178 452 2234 turn:
477 2165 655 2238 Valentini
680 2165 813 2238 scilicet
825 2221 835 2258 ‚
860 2167 1052 2242 inventoris
1081 2165 1246 2238 AEouum
1272 2179 1340 2237 'aut

357 2273 481 2348 famosi
506 2275 600 2348 illius
618 2303 665 2350 ‘ae
689 2276 892 2377 perridiculi
912 2278 1140 2365 Pleromatis·
1156 2289 1339 2374 tumque·

356 2406 428 2480 que
450 2383 662 2484 Apollinaris
688 2401 725 2456 et
749 2383 893 2484 Apellis.
918 2387 966 2458 lli
999 2385 1238 2459 haeresiarchae
1270 2385 1338 2457 etsi

356 2517 480 2565 verum
505 2519 634 2595 eorpus
659 2495 799 2567 Christo
816 2494 1060 2590 attribuerent,
1075 2497 1112 2568 in
1129 2493 1340 2596 assignanda

358 2605 487 2681 Christi
500 2632 592 2680 verae
609 2606 722 2679 carnis
739 2621 862 2678 natura
879 2633 920 2679 ae
931 2609 1064 2708 origine
1077 2605 1339 2700 dissentiebant,

357 2719 426 2790 hoc
441 2733 560 2791 tamen
577 2739 676 2819 oeq'ue
693 2717 925 2794 venditantes:
942 2745 1014 2793 non
1031 2719 1219 2820 sumpsisse
1232 2719 1339 2792 can>

357 2845 451 2902 stum
477 2855 605 2931 corpus
630 2846 800 2922 ematre,
825 2854 940 2930 neque
966 2832 1033 2904 hoc
1059 2845 1239 2903 terrenum
1260 2829 1339 2902 iuis

357 2959 405 3031 se,
429 2938 492 3012 sed
516 2939 603 3012 illud
628 2965 648 3011 e
674 2938 776 3013 Coelo
801 2937 956 3012 delatum
985 2940 1108 3041 ipsave
1132 2941 1168 3012 in
1195 2938 1339 3013 descen

357 3076 397 3120 su
425 3067 631 3124 contextum
656 3067 887 3123 transmeasse
913 3077 977 3151 per
1002 3051 1156 3150 Virginis
1185 3066 1339 3144 uterum,

358 3162 455 3260 quasi
481 3189 608 3262 aquam
633 3188 698 3264 per
722 3162 896 3253 fistulam3
923 3161 980 3235 vel
1005 3179 1129 3234 natum
1155 3163 1336 3236 Christum

350 3297 421 3370 per
448 3273 650 3370 Virginem,
675 3299 750 3344 nort
775 3298 826 3344 ex
856 3273 1017 3370 Virgine,
1044 3277 1080 3346 iu
1109 3273 1212 3345 vulva
1222 3329 1235 3361 ,
1262 3299 1337 3345 nort

355 3407 406 3453 ex
432 3383 562 3469 vulva,
596 3399 636 3454 ut
661 3381 911 3454 Tertullianus
928 3381 1091 3482 perhibet
1120 3383 1156 3454 in
1180 3380 1258 3452 Lib.
1293 3381 1336 3452 de

357 3494 471 3564 Carne
498 3487 639 3566 Christi.
657 3493 775 3592 Atque
792 3493 845 3564 his
863 3491 980 3566 affines
997 3509 1080 3566 s‘um
1100 3494 1338 3566 recentiorum

352 3625 492 3672 errores
517 3603 763 3674 haereticorum
777 3657 786 3692 ‚
811 3600 956 3700 Barclaji
982 3628 1022 3674 ac
1051 3601 1182 3673 Poireti
1208 3617 1245 3672 et
1278 3601 1338 3672 Pe·

354 3711 505 3803 tenenti,
531 3713 590 3811 qui
616 3710 756 3785 coeleste
784 3708 961 3808 quoddam
978 3736 1116 3809 corpus,
1132 3710 1224 3780 inter
1245 3733 1338 3781 crea·

354 3839 433 3895 tum
459 3825 723 3920 instratumque
749 3820 918 3911 medians,
944 3821 1084 3892 Christo
1109 3821 1263 3893 Domino
1289 3818 1337 3890 ef-

353 3937 491 4036 fingunt
514 3951 596 4008 aute
623 3932 730 4008 Verbi
758 3934 1035 4006 incarnationem
1060 3933 1098 4005 in
1118 3931 1274 4031 Virginis
1299 3957 1339 4002 u-
