2908 4962
393 471 466 546 tas
613 498 616 512 ·
641 491 960 544 urs.‘1v»srcrrorus
985 492 1022 540 ru
1048 491 1077 542 c.
1103 493 1115 538 r

402 579 541 656 ·.Prob.
568 582 591 654 Ἃ
616 605 708 682 pars.
733 581 790 652 Ex
815 581 924 654 citato
948 603 1024 680 cap.
1053 581 1067 650 1
1092 576 1276 678 Evangelii
1302 579 1373 652 Lu·

388 719 440 770 cae
464 693 716 792 Archangelus,
742 691 861 764 Mariae
886 689 1034 764 afferens
1058 691 1228 764 nuncium
1253 691 1374 764 Incar-

386 805 550 898 nationis‚
574 828 656 878 ecce
681 805 872 901 concipies,
897 803 960 891 ait,
985 803 1022 874 in
1049 815 1164 890 atero,
1188 815 1223 874 et
1250 805 1374 900 paries

376 913 519 1007 filinae,
543 928 577 987 et
602 911 743 986 vocabis
768 936 901 986 nomen
926 913 1003 1012 aas
1028 911 1178 985 Iesum:
1200 925 1236 982 ut
1253 912 1373 985 castis

388 1025 476 1097 sima
501 1021 628 1096 mulier
652 1021 798 1096 sollicita
824 1019 869 1094 de
898 1021 1108 1122 virginitate,
1142 1047 1250 1120 quam
1283 1037 1371 1096 voto

389 1147 619 1232 nuncuparet,
643 1133 771 1232 inquit,
794 1131 972 1232 quomodo
980 1129 1050 1233 fiet
1067 1129 1172 1223 isnd,
1196 1131 1371 1228 quoniam

390 1242 507 1314 virum
523 1265 598 1314 non
613 1243 821 1339 cognosco?
837 1257 923 1316 tuuc
940 1239 1098 1340 Angelus
1109 1239 1258 1314 modum
1271 1266 1369 1316 reve·

387 1348 448 1442 lut,
465 1375 537 1450 quo
553 1352 628 1424 sine
643 1352 719 1428 viro
744 1367 957 1453 conceptura
982 1365 1085 1443 esset,
1104 1350 1256 1448 Spiritus
1280 1350 1370 1424 San·

389 1476 468 1535 ctus
484 1465 701 1560 superveniet
725 1467 764 1538 in
789 1478 833 1557 te,
849 1478 884 1538 et
908 1467 1017 1538 virtus
1043 1463 1222 1538 Altasimi
1239 1461 1374 1538 votum·

389 1567 505 1644 brabit
529 1570 601 1646 tibi.
626 1571 730 1646 Unde
754 1587 915 1648 narratur
940 1574 1039 1648 Mutt
1066 1597 1096 1646 c.
1125 1573 1159 1664 1,
1176 1595 1264 1646 cum
1284 1587 1372 1649 esset

388 1679 598 1780 desponsata
622 1699 739 1758 nater
760 1685 838 1782 ressa
863 1685 980 1760 Maria
1005 1678 1153 1780 Ioseph,
1177 1696 1373 1780 antequam

388 1798 630 1886 convenirent,
655 1800 797 1872 invento
821 1801 1039 1884 estinnteoo
1066 1794 1202 1869 hobam
1225 1797 1282 1870 De
1309 1795 1372 1892 Sp.

390 1907 582 1984 Sancto...
600 1908 683 1984 Hoc
695 1927 818 2002 autem
835 1908 1109 2010 totumfactum
1124 1921 1190 1995 est,
1206 1923 1248 1980 nt
1263 1905 1373 1980 adim·

382 2018 894 2124 plentur,qnoddicmmesta
907 2023 1065 2095 Domino
1073 2015 1373 2120 perPeuphetam

389 2124 669 2204 dnentennccce
682 2127 1289 2230 Virgoconcipietetpanetfilinm.
1302 2125 1375 2198 Ma·

387 2235 440 2310 ria
452 2237 559 2335 igitur
575 2241 675 2339 virgo
692 2245 864 2344 concepit,
876 2243 1083 2344 peperitque
1100 2243 1201 2340 virgo
1213 2238 1327 2312 filium
1346 2263 1377 2308 e·

388 2345 534 2458 rnittens
545 2349 662 2424 clauso
674 2368 775 2426 utero
788 2352 1021 2452 inviolatoque
1029 2350 1237 2450 virginitatis
1250 2345 1375 2446 sigillo,

389 2468 427 2526 et
447 2455 539 2551 hinc,
556 2475 677 2532 contra
697 2461 922 2562 Carpasium,
940 2462 1013 2534 sine
1039 2457 1229 2550 doloribus
1242 2455 1376 2530 scilicet

390 2585 472 2640 ante
488 2587 629 2670 partum
648 2589 683 2644 et
699 2574 736 2645 in
753 2589 857 2674 partu
873 2574 974 2672 virgo
987 2572 1063 2645 suit.
1081 2569 1189 2661 Quod
1205 2593 1289 2643 vero
1301 2592 1375 2641 non

391 2681 507 2754 solum
532 2700 612 2758 ante
638 2701 675 2758 ct
699 2687 736 2759 in
761 2701 878 2787 partu,
903 2680 966 2757 sed
990 2701 1072 2786 post
1089 2683 1195 2755 etiarn
1211 2678 1375 2754 inviolata

389 2793 596 2893 perstiterit,
621 2797 765 2869 Petrum
791 2796 953 2894 suffragia
977 2794 1195 2896 plenissima,
1220 2817 1290 2865 vox
1306 2791 1373 2864 Ec·

391 2904 505 2979 clesioe
531 2909 715 3002 universae,
732 2907 874 2997 divinae,
898 2909 1055 3006 inquam,
1071 2903 1291 2986 Traditionis
1318 2929 1375 2974 uu·

376 3018 549 3112 ctoritas,
575 3035 612 3092 et
635 3021 787 3121 ipsamet
812 3018 1013 3117 congruitas
1036 3028 1222 3116 perpetuae
1242 3009 1376 3109 virgini·
1442 3033 1443 3082 t

392 3126 475 3198 tatis
500 3129 538 3202 in
563 3130 748 3230 purissima
775 3128 863 3202 adeo
887 3127 954 3201 Dei
972 3141 1085 3198 matre
1103 3119 1253 3196 suadent
1278 3144 1374 3220 aper·
1442 3139 1443 3156 ¹

392 3247 441 3325 te,
458 3261 498 3308 ac
515 3236 620 3338 plane
645 3237 827 3311 definiunt.
856 3236 952 3329 Quid
977 3261 1059 3318 sane
1085 3232 1267 3322 decorum,
1291 3223 1375 3327 quid

393 3341 534 3416 virtutis
551 3345 601 3418 illi
618 3345 748 3440 deerat,
766 3347 852 3447 quid
868 3371 1038 3447 magnum
1054 3344 1116 3436 itti,
1133 3339 1296 3422 membro
1312 3337 1376 3408 Ec·

394 3452 509 3527 clesiae
535 3459 696 3560 principi,
713 3463 771 3532 cui
788 3477 884 3535 recte
901 3457 1175 3534 accomodantur
1191 3455 1270 3526 haec
1287 3473 1377 3549 sym·

378 3561 509 3638 ·bolica
536 3568 637 3641 Cant.
651 3573 699 3662 ·4,
722 3569 801 3670 13?
820 3600 838 3642 n
866 3570 1082 3643 Emissioues
1106 3580 1177 3639 tuoe
1197 3557 1378 3664 paradisus

389 3670 564 3752 malorum
577 3679 788 3778 punicorum
802 3705 884 3752 cunr
901 3701 1090 3780 pomorum
1107 3671 1289 3762 fructibus,
1319 3693 1376 3766 cy·

391 3781 447 3880 pri
473 3807 555 3856 curn
581 3788 701 3880 nardo,
726 3789 857 3862 nardus
883 3803 920 3860 et
944 3809 1079 3877 crocus,
1104 3783 1219 3858 fistula
1245 3797 1281 3853 et
1306 3779 1373 3852 ciu-

391 3924 598 3974 namomum
624 3930 707 3978 curn
734 3902 904 3980 universis
929 3900 1033 4000 lignis
1066 3897 1202 3988 Libani,
1232 3892 1373 3993 myrrha
