2942 4962
380 430 452 506 tae
642 451 703 498 tn.
729 451 763 497 ιν
787 447 954 498 sanniones
980 449 1003 498 r
1027 447 1056 497 c.
1081 451 1094 495 1

378 541 561 641 accipiunt:
586 561 692 635 quam
708 548 874 608 aeternam
891 532 1134 606 abscissionem
1151 517 1255 631 arque
1271 557 1347 635 per·
1456 605 1457 608 ,

378 650 506 725 niciem
529 647 629 722 Jesus
654 673 674 718 a
698 643 798 718 nobis
822 643 1005 716 miserator
1029 655 1171 715 avertat.
1456 657 1457 664 ¹

814 792 914 808 m

429 859 739 940 oeracuouas
765 858 887 957 arque
913 857 1104 932 solvuntur.
1129 825 1353 957 oajme‘aana

377 975 524 1077 Hispani
547 973 662 1070 Episc.
687 967 785 1041 Felix
811 963 851 1039 et
870 965 1081 1067 Elipandus:
1109 967 1261 1038 Irenaeus
1285 961 1367 1036 lib.'
1456 1057 1457 1064 ἵ

272 1129 273 1132 =
381 1081 460 1156 30.
486 1081 531 1153 l9
557 1079 680 1174 inquit,
705 1079 767 1174 qut
791 1077 907 1148 Filius
932 1078 1001 1147 Dei
1023 1090 1087 1161 est,
1100 1075 1205 1170 filius
1231 1074 1347 1148 homi·

380 1196 436 1267 nis
447 1191 577 1289 saeuas
602 1203 666 1276 est,
691 1204 731 1260 ut
747 1188 973 1285 adoptionem
983 1189 1180 1284 percipiens
1193 1188 1267 1281 fiat
1283 1175 1345 1260 Fi·

381 1301 449 1374 tius
473 1300 552 1371 Dei.
577 1296 738 1369 Secundo
773 1295 922 1369 Hilarius
947 1294 1005 1367 lib.
1034 1300 1055 1368 2
1081 1295 1124 1367 de
1154 1297 1350 1388 Trinitate,

377 1413 555 1508 potestatis
581 1409 731 1505 dignitas
758 1433 832 1480 raon
848 1410 1034 1494 amittitur,
1051 1407 1137 1480 dum
1154 1409 1271 1479 camis
1288 1405 1351 1478 lau·

378 1517 508 1590 militer
524 1515 718 1613 adoptatur.
736 1516 867 1606 Tertio,
884 1542 928 1587 ne
946 1516 1123 1590 universos
1141 1514 1348 1606 exscribam,
1456 1521 1457 1544 ¹

381 1627 543 1727 Cyrillus,
568 1626 803 1725 Augustinus,
827 1625 1000 1698 Eusebius
1026 1628 1255 1716 Caesariensis,
1280 1625 1352 1695 OE·

379 1737 560 1811 eumenius
584 1761 715 1807 nomen
740 1751 908 1835 usurpant
932 1735 1097 1832 adoptivi,
1122 1751 1160 1807 et
1185 1733 1228 1804 de
1255 1733 1354 1804 Chri·
1456 1813 1457 1822 χ

380 1857 436 1916 sto
460 1845 574 1941 ajunt,
600 1840 787 1940 adoptione
813 1867 886 1914 esse
911 1842 1050 1915 Filium.
1075 1845 1170 1942 Ergo
1196 1857 1284 1914 etc..
1308 1815 1355 1937 li
1456 1833 1457 1836 ¹

382 1953 424 2028 N·
449 1953 743 2052 consequentiam.
769 1954 921 2026 Irenaeus
939 1981 979 2027 ea
999 1955 1115 2047 verba,
1130 1955 1356 2052 adoptionem
1456 1987 1457 2014 r

374 2063 588 2158 percipiens,
613 2086 685 2132 non
706 2059 811 2132 refert
828 2061 872 2132 ad
889 2063 1078 2153 Christum,
1094 2061 1156 2134 sed
1173 2061 1217 2132 ad
1235 2085 1353 2160 quem·

381 2168 468 2241 libet
492 2171 682 2263 hominem,
709 2172 768 2268 qui
785 2172 844 2242 fiat
861 2171 949 2242 filius
965 2173 1030 2244 Dei
1055 2171 1246 2272 adoptivae,
1270 2177 1355 2270 'qua-

381 2277 410 2347 si
435 2275 549 2349 dicat:
574 2277 682 2348 Filius
706 2279 770 2349 Dei
796 2278 905 2350 lactus
931 2297 984 2352 est
1008 2281 1098 2353 lilius
1123 2283 1285 2373 hominis,
1311 2296 1355 2351 ut

380 2411 444 2458 nos
469 2379 532 2486 pei
556 2389 629 2486 ejus
653 2389 778 2460 merita
798 2391 976 2488 justificati
1006 2393 1165 2482 filiorum
1198 2394 1354 2490 adoptio·

380 2520 462 2575 nem
492 2501 778 2594 perciperemus,
804 2499 898 2598 quod
931 2504 1006 2603 ipse
1033 2506 1208 2604 superiora
1242 2502 1350 2576 collu·
1456 2493 1457 2506 ¹

380 2625 493 2684 straus
519 2608 654 2682 coloci
682 2611 869 2697 concludit.
903 2614 962 2687 Ad
996 2619 1029 2689 2.
1062 2615 1226 2690 Nonnulli
1261 2614 1354 2686 facta

381 2717 564 2797 collatione
589 2719 761 2812 codicum,
787 2739 890 2822 atque
916 2751 959 2796 ex
976 2724 1125 2798 Alcuino
1143 2741 1179 2796 et
1195 2721 1358 2796 Hincma·
1456 2777 1457 2780 ,

381 2855 423 2904 ro
437 2846 630 2932 reponunt,
647 2831 692 2904 ab
707 2833 838 2918 Hilario
855 2837 1025 2936 scriptum
1042 2835 1146 2909 fuisse
1164 2835 1355 2908 adoratur:
1456 2815 1457 2828 ἵ

383 2939 518 3016 etiarnsi
539 2964 620 3012 cum
637 2940 710 3014 aliis
727 2945 849 3042 reponi
866 2962 980 3042 queat,
997 2949 1091 3018 hunc
1108 2971 1180 3016 esse
1199 2965 1355 3032 sensum,

383 3045 480 3146 quod
504 3072 524 3118 a
548 3047 654 3120 Verbi
678 3066 850 3149 potestate
884 3052 934 3154 nil
959 3052 1144 3126 decesserit
1166 3053 1356 3152 dignitatis,

386 3157 475 3230 dum
500 3163 618 3231 carnis
643 3158 881 3236 humilitatem
906 3162 1200 3264 adoptavitidest
1216 3165 1283 3236 sibi
1299 3166 1360 3262 hy?

383 3268 551 3366 postatice
577 3265 731 3360 adscivit,
755 3270 957 3370 adsumpsit.
983 3277 1031 3345 Et
1056 3276 1105 3347 sic
1131 3273 1175 3345 ad
1202 3274 1236 3364 3,
1263 3273 1307 3344 de
1324 3273 1363 3346 il·

384 3372 416 3446 la
442 3372 646 3471 generaliter
662 3374 808 3475 Antiqui
824 3379 1043 3477 intelligendi
1058 3399 1139 3454 sunt
1157 3381 1362 3480 adoptione,

386 3507 465 3582 qua¹
479 3483 582 3580 gratis
607 3508 626 3554 a
651 3481 726 3556 Deo
751 3486 867 3560 Verbo
902 3508 1077 3590 assumpta
1111 3485 1188 3564 suit,
1204 3494 1360 3590 humana

387 3592 516 3678 Christi
539 3608 660 3674 natura
675 3589 721 3664 ¹in
750 3599 900 3698 propriae
934 3601 1128 3701 hypostasis
1162 3603 1357 3673 unitatem:

386 3724 565 3800 nunquam
589 3703 766 3780 enimvero
792 3706 967 3810 duplicem
994 3709 1121 3783 diserte
1145 3711 1359 3810 ,filiationem
1454 3763 1457 3768 -

374 3830 448 3890 'aut
472 3814 646 3922 duplicem
673 3819 709 3890 in
735 3821 875 3898 Christo
899 3824 1027 3898 Filium
1052 3823 1307 3934 adstruuerunt.
