2942 4962
379 467 453 578 2⁶24
771 509 831 558 nn.
856 509 892 556 av
917 507 1107 564 tantumn
1212 529 1214 537 ι

377 596 572 693 dovotionis
584 594 757 680 affectum:
774 621 889 694 neque
909 610 1026 668 tamen
1044 597 1256 696 Gregorium
1268 623 1360 698 prae-

377 727 475 798 teneo
499 710 709 808 Nysscnum‚
734 723 829 780 tanta
856 706 1015 780 doctrina
1033 709 1158 802 virum,
1175 710 1234 808 qui
1252 707 1296 781 dc
1311 738 1364 796 se-

377 823 456 922 ipso
475 834 640 911 testatur,
665 817 710 891 ad
735 817 925 900 Abrahami
951 834 987 889 et
1012 817 1120 892 oblati
1145 818 1188 892 ab
1214 846 1260 894 co.
1282 823 1361 892 uni·

378 931 412 1014 ci
437 929 499 1001 filii
523 929 696 1028 picturam
730 953 803 1000 sese
838 927 911 1000 vim
944 927 1198 1025 lacrymarum
1214 929 1361 1003 uberem

378 1034 587 1138 profudisse.
612 1037 675 1106 His
687 1053 782 1106 'sane
808 1035 965 1135 picturis,
986 1035 1095 1111 veluti
1111 1036 1288 1131 fomentis,
1303 1037 1364 1110 bo

362 1153 507 1220 'norum
532 1145 718 1228 affectuum
744 1145 922 1218 incalescit
942 1147 1043 1244 ignis,
1060 1164 1099 1220 ut
1115 1149 1217 1240 malis
1233 1175 1274 1222 ac
1291 1165 1364 1222 tur·

380 1257 485 1358 pibus
509 1257 684 1328 malorum
710 1282 751 1330 ac
778 1259 934 1357 turpium
951 1256 1361 1332 flamnraetexardeseunt.

356 1383 359 1390 ’
391 1435 395 1444 ,
429 1370 457 1466 S.
486 1367 543 1440 13.
570 1368 684 1440 Sacrae
701 1369 819 1467 itaque
845 1369 1016 1466 imagines
1042 1395 1164 1442 onmes
1190 1371 1289 1443 cultu
1305 1397 1361 1444 ea·

370 1481 459 1564 runt
483 1477 684 1578 prototypis
708 1477 864 1578 proprio,
879 1477 1002 1575 hisque
1029 1477 1187 1551 ultimate
1213 1477 1360 1570 directo,

253 1591 256 1598 '
378 1591 461 1679 siant
486 1586 684 1660 adorandae.
708 1589 793 1661 Post
818 1585 921 1680 diota,
946 1589 983 1676 in
1009 1589 1099 1662 hanc
1124 1587 1231 1660 fidem
1248 1615 1291 1663 ex
1307 1588 1364 1662 ab

377 1698 527 1773 undanti
550 1697 656 1785 suerit
678 1699 856 1799 pn'maevae
881 1697 1077 1774 traditionis
1111 1713 1237 1772 testem
1272 1701 1363 1782 exci-

380 1817 429 1884 r'e‘
445 1810 627 1886 Nicoenum
654 1808 813 1908 generale
839 1811 885 1902 ΙΙ,
909 1809 965 1883 vel
988 1807 1063 1882 sola
1087 1812 1165 1884 haec
1186 1809 1363 1884 Tridenti-

378 1925 422 2008 ni,
432 1921 546 2008 *verba
558 1965 561 1974 ·
571 1919 800 2022 perpendere
828 1948 906 2020 qnae
923 1921 1003 1995 loco
1019 1921 1161 1996 laudato
1177 1925 1226 1996 ita
1243 1921 1363 1996 decer·

378 2037 479 2116 nunt:
496 2032 676 2126 Imagines
695 2027 839 2116 Christi,
864 2032 964 2128 (nec
974 2029 1208 2104 excluduntur
1225 2029 1362 2102 Triadis

380 2143 550 2241 imagines
563 2143 588 2238 ),
614 2143 777 2240 Deiparrc
808 2142 967 2239 Virginis
992 2159 1026 2215 et
1039 2142 1197 2234 ¹aliorum
1216 2143 1362 2215 Sancto

380 2255 463 2322 rsum
489 2251 692 2347 in'templis
711 2255 911 2348 prasertim
935 2250 1116 2327 habendas
1141 2253 1362 2336 ac'retinen-

378 2357 468 2443 das,
492 2361 609 2454 eisque
632 2357 800 2430 debitum
833 2357 1006 2432 honorem
1032 2375 1066 2432 et
1101 2362 1360 2462 venerationem

378 2462 666 2562 inuenientium,¹
687 2489 760 2536 non
786 2466 882 2562 quod
906 2466 1080 2548 credatur·
1094 2470 1205 2546 inesse
1238 2467 1360 2564 aliqua

372 2573 420 2642 in
445 2573 488 2670 iis
513 2571 676 2646 divinitas
703 2573 757 2645 vel
787 2575 908 2662 virtus,
922 2590 1067 2672 propter
1081 2601 1190 2674 quam
1212 2577 1283 2648 sint
1302 2596 1361 2660 co·

380 2679 503 2774 lende,
521 2680 575 2766 uel
599 2679 696 2780 quod
717 2680 762 2754 ab
787 2685 837 2756 cis
862 2685 907 2755 sit
927 2684 1063 2782 aliquid
1083 2685 1290 2782 petendum,
1307 2684 1361 2758 vel

382 2789 479 2893 quod
490 2789 634 2884 fiducia
658 2793 695 2863 in
723 2791 938 2888 imaginibus
955 2797 999 2865 sit
1011 2793 1179 2890 figendm·
1197 2793 1304 2866 veluti
1323 2818 1367 2874 οε

306 2905 309 2918 “
382 2898 449 2995 dim
461 2896 578 2994 fiebat
601 2925 624 2970 α
652 2899 836 2988 Gentibus,
862 2897 995 2998 quein
1023 2901 1123 2974 idolis
1141 2927 1239 3000 spem
1254 2925 1359 2974 suam

382 3005 630 3103 collocabant:
655 3009 717 3080 sed
740 3011 913 3106 quoniam
937 3007 1065 3101 Itonos,
1090 3011 1153 3106 qui
1176 3011 1225 3081 eis
1259 3005 1361 3080 exti-

381 3109 497 3208 betur,¹
522 3115 674 3212 nffcrtur
697 3119 745 3190 ad
764 3133 968 3219 prototypa,
993 3146 1071 3219 quae
1088 3119 1158 3190 ilice
1175 3143 1360 3216 reprensen-

382 3237 460 3294 tnnt
471 3252 488 3312 ,⁹
513 3227 563 3298 ita
595 3241 637 3297 ut
656 3251 724 3324 per
747 3229 918 3324 imagines
928 3283 941 3316 ,
966 3253 1064 3326 quas
1078 3229 1300 3315 osculamur,
1325 3241 1360 3302 et

379 3326 504 3405 coram
529 3334 655 3432 quibus
680 3354 788 3436 caput
812 3341 990 3434 aperimus
1006 3353 1041 3411 et
1057 3336 1360 3436 procumbimus,

384 3439 567 3548 Christum
591 3445 793 3534 adoremus,
818 3461 852 3518 et
878 3445 1045 3534 Sanctos,
1061 3471 1215 3544 quorum
1231 3443 1301 3516 illc
1318 3448 1362 3520 si·

381 3551 618 3627 militudinem
651 3572 805 3652 gerunt,
831 3580 1046 3652 veneremur.
1081 3557 1138 3628 Sic
1173 3556 1357 3630 enimvero

382 3680 503 3744 contra
529 3665 712 3766 sacrilegos
738 3663 844 3756 robur
861 3665 1028 3758 obtinet,
1053 3663 1287 3738 concludebat
1303 3692 1359 3736 an-

382 3771 477 3877 tiqua
494 3778 632 3855 Nicaena
650 3777 813 3880 synodus
830 3793 896 3852 act.
922 3780 956 3872 4,
983 3780 1041 3850 SS.
1057 3779 1202 3852 Petrum
1228 3791 1365 3864 nostro-²
