2932 4970
789 433 816 530 )(
836 433 929 532 ²⁰ll

834 545 877 612 Xl

406 650 500 718 Plura
516 650 634 716 omissa
649 649 731 716 iacio
748 651 954 718 consectaria.
971 646 1179 735 Transmisso,
1194 652 1349 738 iuvenes,

358 755 522 824 momoriae
545 751 679 819 damna:
704 771 777 818 nam
803 764 838 820 ut
862 753 970 820 clavus
1001 755 1127 822 clavum
1151 756 1277 840 trudit,
1299 761 1349 828 sic

357 858 518 925 honorum
541 853 724 920 studiorum
748 854 835 921 ideas
859 854 894 920 in
918 853 1064 943 ideisque
1091 875 1206 944 puram
1229 860 1350 928 mentis
1450 861 1451 870 ’

357 961 555 1046 volaaptatcm
578 955 704 1040 impura
728 954 898 1044 voluptas;
922 975 989 1022 nou
1017 957 1103 1044 capit
1125 959 1212 1024 enim
1236 979 1350 1028 omncs

356 1060 452 1128 simul
475 1056 604 1123 allectus
627 1055 762 1122 limitata
786 1058 886 1124 animi
907 1056 1048 1125 facultas.
1064 1058 1198 1128 Frustra
1212 1061 1290 1128 hinc
1305 1059 1350 1128 ad
1450 1109 1451 1114 .

355 1164 539 1231 memoriam
561 1160 736 1247 juvandam
751 1161 995 1248 augendamque
1010 1162 1178 1230 adhiberes
1194 1186 1350 1232 macmo-

354 1265 506 1332 ncnticaa
521 1275 616 1342 ortes,
631 1262 761 1348 sceptici
779 1261 952 1328 Metrodori
968 1275 1138 1352 praccepta,
1153 1265 1265 1332 Lazari
1280 1265 1350 1334 lic-
1450 1335 1451 1346 ¹

354 1364 534 1454 yssonnerii
549 1362 725 1428 aliorumve
745 1376 941 1448 pcotopoaa.
964 1364 1200 1452 llecquicquam
1216 1365 1345 1434 curabis

355 1464 696 1556 mocmoayoolpiom,
719 1475 755 1531 ut
778 1466 885 1552 aiunt,
907 1477 963 1533 aut
986 1470 1193 1550 omacaiom3
1216 1469 1284 1536 sive
1310 1490 1343 1536 c·

355 1592 426 1639 sum
442 1587 612 1658 caeparum,
635 1567 683 1634 uti
707 1568 932 1656 proscribunt,
955 1569 1144 1652 adverseris,
1166 1571 1234 1638 sive
1257 1571 1357 1653 item,
1450 1569 1451 1598 ¹

355 1915 460 1986 cupabo,
476 1918 497 1965 si
514 1913 567 1964 lucc
581 1931 597 1964 e
614 1913 748 1980 Theologis
765 1914 873 1966 breviata
890 1917 1021 1967 documlna
1038 1915 1176 1967 exhibeam.
1188 1915 1218 1968 in
1235 1916 1354 1987 tempiis,'

353 2007 400 2056 etsi
416 2001 556 2071 psalmodiae
573 2015 633 2050 usus
649 2003 682 2050 sit
698 2003 783 2069 utique
808 2004 1007 2066 uetustissimus,
1033 2005 1124 2053 musica
1145 2010 1230 2052 maaca
1253 2005 1343 2053 instru-

353 2095 438 2138 menta
454 2088 555 2154 ipsaque
571 2101 661 2149 organa
678 2086 793 2136 ridentur
814 2086 882 2154 apud
904 2088 1032 2155 primaeuos
1053 2084 1202 2138 christicolas
1224 2087 1342 2136 inaudita.

353 2173 387 2222 Et
402 2187 542 2240 quanquam
559 2167 664 2220 subinde
681 2169 714 2220 Vl
730 2168 820 2219 sacculo
836 2167 943 2238 aliquam
959 2187 1045 2222 eorum
1067 2172 1219 2222 mentionem
1240 2170 1344 2220 inducat

352 2257 504 2306 Fortunatus
516 2253 682 2316 Pictavlensis3
699 2245 858 2305 nihilominus
870 2270 925 2306 sero
936 2272 1034 2325 (proque
1046 2272 1097 2307 acro
1109 2257 1140 2306 l).
1153 2253 1259 2306 Thornae
1277 2254 1343 2305 clul-

352 2347 438 2394 stianis
450 2340 558 2400 moribus
570 2359 656 2410 parum
669 2358 802 2408 congruere
814 2341 985 2393 censebantur.
996 2344 1035 2394 En
1046 2345 1105 2412 quld
1116 2343 1156 2394 illc
1168 2345 1249 2394 hadat
1257 2345 1306 2396 2-2
1314 2361 1341 2412 q.

353 2429 381 2480 91
399 2445 420 2476 a.
434 2425 462 2478 22
477 2423 661 2489 «Hieronymus
673 2439 725 2474 nou
735 2421 875 2490 simpliciter
892 2427 1015 2493 vituperat
1031 2433 1140 2490 cantum,
1152 2428 1196 2476 sed
1207 2424 1340 2494 reprehen-

352 2517 451 2578 ditans,
463 2514 505 2581 qul
514 2513 542 2560 ln
553 2509 660 2584 Ecclesia
671 2516 772 2558 cautam
784 2525 852 2558 more
863 2509 1022 2561 theatrico...
1040 2527 1121 2580 neque
1137 2510 1225 2562 fistulae
1241 2527 1272 2562 ex
1283 2509 1342 2562 Phi-

352 2591 457 2660 losopho
474 2592 490 2641 8
507 2587 581 2640 Polit.
599 2589 624 2652 6,
641 2584 678 2636 od
693 2585 853 2655 disciplinam
869 2601 928 2638 aurat
944 2586 1118 2656 adducendae,
1138 2607 1216 2660 neque
1233 2586 1344 2662 aliquod

351 2673 427 2726 aliud
441 2672 576 2744 artificiale
592 2689 714 2740 organum
725 2709 730 2720 .
742 2710 766 2722 ..
783 2672 813 2722 lu
830 2675 907 2722 veteri
924 2681 1007 2726 autem
1025 2674 1188 2726 Testamento
1206 2689 1267 2726 usus
1286 2680 1340 2724 erat

351 2760 437 2809 talium
453 2761 685 2822 instrumentorum,
702 2759 759 2824 qula
776 2755 882 2825 populus
898 2765 951 2806 erat
968 2759 1043 2824 magis
1060 2759 1137 2808 durus
1154 2765 1180 2807 et
1200 2754 1339 2806 cornaliso:

393 2842 449 2894 Non
465 2857 576 2909 quosque
594 2847 678 2889 tamen
688 2842 714 2889 ln
727 2840 819 2912 templo
836 2848 952 2891 canentes
969 2841 1120 2912 appellamus
1137 2845 1192 2910 ipsi,
1213 2859 1271 2892 cnm
1287 2841 1339 2892 Wi-

350 2925 430 2990 clefl'o,
442 2924 586 2974 Sacerdotes
602 2921 676 2975 Baal:
694 2941 740 2974 nec
756 2927 842 2974 musici
858 2942 925 2975 nnnc
948 2929 1003 2975 soni
1020 2925 1091 2976 nobis
1113 2929 1164 2975 slat
1185 2925 1340 2975 horridiores.

349 3007 504 3059 Mulceautur
518 3022 597 3070 auras,
608 3007 653 3056 sed
668 3005 742 3060 simul
755 3006 904 3074 salutariter,
920 3024 951 3058 cx
968 3008 1123 3074 Augustino,
1145 3025 1197 3058 non
1213 3005 1340 3076 poerraliter

349 3098 497 3147 moveantur
514 3089 625 3142 allectus.

390 3171 421 3224 ln
437 3172 462 3221 id
479 3188 538 3222 sane
554 3175 644 3227 intuita
661 3181 699 3223 cst
716 3175 787 3226 Trid.
807 3175 922 3241 Synodus
939 3192 999 3228 sess.
1017 3177 1059 3244 22,
1077 3175 1177 3244 aliaeque
1189 3180 1246 3246 post
1262 3181 1288 3222 et
1299 3173 1345 3223 an?

348 3266 373 3307 tc
390 3273 444 3308 eam
462 3257 564 3324 Synodia
581 3274 613 3308 ex
628 3275 678 3326 quo
695 3262 810 3310 nimirum
827 3266 989 3314 instrumenta
1008 3265 1100 3314 musica
1116 3283 1138 3314 a.
1150 3265 1201 3315 660
1216 3267 1243 3313 in
1259 3261 1345 3313 Enete:

347 3342 408 3387 siam
425 3342 519 3388 travexit
535 3339 656 3392 Vitalinus
674 3341 757 3413 Papa;
775 3361 829 3412 qma
847 3345 992 3398 Contentus
1008 3349 1097 3398 exinde
1109 3346 1244 3414 Synodales
1260 3347 1287 3394 in
1298 3345 1341 3396 do·

346 3437 389 3472 mo
404 3421 504 3472 Domini
522 3421 666 3488 tolerarunt,
681 3435 796 3476 caventes
813 3431 911 3480 iuterim
923 3429 1072 3499 voluptarios
1083 3429 1264 3499 theatralcsquc
1280 3444 1338 3478 con-

347 3515 435 3557 centus
452 3526 481 3558 oc
497 3525 580 3562 sonos.
598 3511 708 3563 Consule
725 3514 908 3568 Mediolanense
926 3521 951 3583 i,
964 3520 1125 3572 Braccarense
1136 3517 1168 3583 ll,
1180 3515 1339 3572 Toleiwum·

345 3606 394 3657 quc
412 3590 454 3656 lv,
471 3594 502 3643 de
519 3593 610 3662 quibus
628 3595 738 3648 Schram.
758 3597 823 3663 chid
842 3602 909 3669 qnod
927 3601 1070 3654 Coenobitoe
1087 3603 1221 3654 strictiores
1232 3594 1337 3648 nonnul-

343 3673 360 3722 li
379 3692 424 3726 nec
441 3695 531 3744 organun
548 3682 574 3729 iu
590 3684 639 3730 suis
657 3681 763 3733 ecclesiis
780 3685 936 3736 admittunt?
954 3688 1105 3758 disciplinam
1125 3693 1252 3738 sectantur
1272 3685 1334 3734 anti-

344 3769 426 3824 quam.
445 3759 514 3826 Vide,
527 3777 559 3812 nc
576 3766 719 3814 modernam
737 3775 882 3836 praepostere
900 3771 1026 3841 depraves,
1040 3788 1101 3822 neve
1112 3774 1138 3824 in
1150 3757 1281 3822 mundanis
1297 3782 1335 3830 sy·

344 3846 442 3911 isagogis
460 3851 562 3899 rrirninm
580 3850 731 3920 disciplinam
748 3852 851 3904 extollas
867 3859 919 3906 sivc
936 3857 1056 3909 infernam
1074 3863 1125 3918 sive
1142 3867 1274 3921 terrenam,
1291 3857 1334 3905 atti

348 3947 379 3982 nc
397 3949 453 3983 cum
472 3936 567 4004 eadem,
585 3955 600 3988 o
618 3936 688 4004 llale,
705 3957 720 3988 o
740 3941 824 4010 Sardc,
837 3945 940 4008 nimium
958 3945 1135 4000 cilhcnrineris!
