2908 4962
354 466 402 539 94
538 453 545 472 '
612 485 675 534 un.
700 485 736 533 rv
761 482 930 534 secrronrs
956 483 969 531 r
995 485 1024 532 n.
1051 487 1062 531 ι

351 577 467 650 vinam
492 589 530 648 et
553 575 754 661 humanam,
778 569 1036 644 accidentaliter
1061 573 1184 663 unitas3
1210 575 1259 646 ita
1293 591 1352 646 ut

351 683 509 757 Verbum
534 707 606 755 non
637 679 702 754 sihi
736 678 931 753 devinxerit
963 681 1218 754 humanitatem
1254 683 1351 756 sub-

351 791 504 866 stantiali
517 807 553 862 et
563 791 781 890 hypostatica
799 791 937 882 unione,
950 789 1014 864 sed
1030 793 1257 892 assumpserit
1274 795 1346 865 ho-

349 904 484 975 minem
510 917 586 972 tum
612 917 734 972 natura
759 916 837 973 turn
862 925 1012 1000 persona
1044 901 1268 1000 perfectum,
1293 905 1343 974 in

349 1036 434 1110 quo,
455 1009 551 1086 velut
574 1011 612 1082 in
638 1009 783 1110 templo,
798 1035 863 1110 per
879 1012 1027 1108 gratiam
1052 1009 1270 1104 habitaverit,
1297 1029 1343 1085 et
1449 1103 1450 1115 ἵ

351 1149 434 1195 cum
459 1149 530 1220 quo
556 1120 707 1219 quadarn
732 1121 914 1194 dumtaxat
935 1125 1182 1224 operationum
1199 1140 1236 1196 et
1255 1121 1347 1196 affe-

349 1249 472 1306 ctuum
497 1233 662 1306 societate
688 1235 965 1333 conjungeretur.
982 1232 1087 1306 Unde
1104 1249 1141 1306 et
1161 1233 1343 1333 dogmati·
1449 1255 1451 1272 ⁸

350 1342 452 1433 eavit,
476 1366 612 1440 ponens
636 1340 753 1431 simul,
778 1342 959 1416 Christum
984 1343 1166 1416 bominem
1178 1360 1279 1415 antea
1297 1345 1342 1416 in

350 1466 453 1524 utero
471 1453 589 1524 Mariae
605 1452 703 1549 Virg.
720 1449 922 1544 formatum,
938 1451 985 1524 ad
1001 1452 1236 1550 unionemque
1249 1477 1340 1525 cum

350 1559 468 1633 Verbo
494 1577 614 1662 postea
641 1577 863 1662 assumptum
897 1561 1013 1654 luisse,
1047 1561 1228 1634 Christum
1258 1587 1339 1634 non
1449 1648 1450 1663 χ

350 1698 426 1745 esse
435 1699 556 1747 verum
568 1674 695 1764 Deum,
704 1691 740 1746 et
748 1674 787 1745 B.
800 1674 843 1745 V.
852 1701 924 1748 non
934 1701 1009 1748 esse
1024 1687 1146 1752 ortator,
1158 1671 1248 1746 idest
1256 1673 1338 1744 Dei-

349 1809 482 1884 param,
507 1811 547 1858 ac
573 1784 688 1857 solum
706 1784 737 1856 ei
757 1782 981 1882 Christiparoe
998 1811 1130 1858 nomen
1146 1781 1336 1856 asserebat
1449 1877 1450 1881 Ἰ

350 1892 560 1968 Coelestinus
578 1921 660 1967 enm
675 1895 769 1994 Papa
786 1893 831 1968 ad
847 1895 1121 1996 resipiscentiam
1138 1892 1342 1984 solicitant,

350 2005 413 2080 sed
437 2007 694 2105 nequidquam:
712 2017 799 2078 nam
820 2009 896 2107 pari
913 2006 1043 2082 saevitia
1061 2021 1097 2078 et
1109 2003 1257 2103 audacia.
1267 2025 1340 2101 pus
1449 2014 1450 2021 ’

349 2112 541 2213 odiumque
558 2117 708 2202 vomuit,
725 2130 761 2187 et
778 2113 964 2188 duodecim
990 2114 1024 2185 S.
1051 2111 1173 2212 Cyn'lli
1189 2109 1337 2210 patriar-

349 2223 427 2302 chae
445 2223 563 2317 Alex,
580 2225 637 2296 cui
662 2250 740 2296 suas
765 2223 976 2297 Coelestinus
1000 2225 1039 2296 in
1063 2223 1265 2298 Nestorium
1284 2220 1335 2294 vi·
1449 2254 1451 2281 s

350 2357 409 2405 ces
434 2331 671 2427 demandarat,
695 2332 1001 2407 urruthematismis
1026 2360 1088 2406 sen
1114 2331 1275 2434 capitulis
1298 2353 1350 2401 a-·

349 2438 417 2514 lios
433 2439 619 2514 duodecim
636 2442 942 2518 anathematismos
959 2443 1134 2544 opposuit.
1152 2437 1337 2531 Quamob-

351 2577 429 2626 rem
455 2567 578 2626 coacto
602 2553 783 2651 Ephesino
809 2551 960 2628 OEcuru.
990 2579 1044 2625 an.
1070 2552 1169 2644 431,
1194 2550 1251 2624 cui
1275 2575 1349 2620 an·.

351 2660 418 2739 dux
442 2663 501 2738 ille
526 2689 599 2736 non
633 2665 853 2764 comparuit,
878 2668 1096 2766 proscriptus
1128 2666 1202 2764 ejus
1236 2687 1335 2734 error
1449 2658 1450 2663 ’

349 2793 420 2850 est:
437 2779 512 2880 ipse
529 2792 647 2853 autern
663 2777 820 2876 privatus
837 2777 1077 2851 ecclesiasticis
1101 2776 1234 2868 infulis,
1251 2773 1348 2845 dein·
1449 2780 1450 2827 ἱ

348 2889 386 2960 in
412 2889 557 2964 exilium
582 2887 702 2988 pulsus
720 2903 756 2960 et
772 2888 899 2960 exinde
916 2887 1142 2988 vagabundus
1164 2913 1228 2988 per
1245 2887 1334 2964 The·
1449 2974 1450 2987 χ

349 2995 502 3089 haidem,
529 2999 609 3070 Oasi
627 2996 779 3100 demum
795 2998 832 3068 in
847 2997 968 3096 Lybie,
986 2997 1174 3088 vermibus,
1191 2996 1220 3066 si
1245 2997 1348 3068 Eva-v

351 3108 426 3202 grio
451 3106 550 3196 fides,
575 3129 675 3176 erosa·
698 3103 963 3204 blasphemante
987 3106 1250 3206 lingua‚‹·terrae
1286 3101 1334 3174 ol-

350 3209 433 3284 lisus
459 3213 574 3286 evita
601 3210 758 3286 decessit

376 3322 457 3402 „En
481 3322 665 3419 Eutyches*
684 3319 870 3420 presbyter
894 3323 1062 3396 Ecclesiae
1090 3321 1334 3396 Constantino

349 3427 515 3530 politanae
540 3445 576 3502 et
602 3424 827 3502 celeberrimi
846 3435 1048 3505 monasterii
1060 3429 1349 3506 archimandrita

350 3563 412 3610 seu
438 3537 553 3631 abbas,
571 3541 632 3638 qui
648 3540 694 3634 in
707 3541 899 3639 'Ephesino
925 3559 1048 3614 contra
1072 3543 1272 3616 Nestorium
1296 3565 1349 3612 om'

349 3649 462 3749 ptime
480 3649 676 3744 dimicaret,
689 3667 862 3752 praetextu
881 3653 1096 3728 declinandae
1117 3655 1348 3744 Nestorianasr

349 3762 519 3864 hereseos
536 3753 572 3837 in
590 3767 788 3865 oppositam
813 3766 904 3839 circa
921 3791 976 3837 an.
994 3769 1067 3842 448
1085 3793 1214 3864 magno
1230 3765 1329 3864 lap'su

351 3871 444 3946 ruit:
470 3873 668 3976 docuitque,
693 3876 741 3948 ita
767 3903 873 3950 unam
898 3902 972 3950 esse
994 3876 1031 3950 in
1053 3877 1192 3952 Christo
1217 3897 1344 3980 perso
