2942 4962
407 467 478 539 184
658 491 719 538 en.
744 491 778 539 rv
804 488 973 537 sncrioars
1000 493 1022 536 v
1047 489 1076 538 c.
1105 492 1117 536 ι

405 579 493 650 lium
518 577 699 663 exalavit,
724 591 763 647 nt
788 590 888 646 wius*
904 592 991 648 esset
1017 573 1176 648 Christus
1199 577 1369 673 proprius

404 686 473 758 Dei
496 687 623 772 Filius,
647 682 755 756 homo
780 698 814 755 et
841 683 1028 772 Verbum,
1052 688 1151 782 eique
1176 709 1251 756 non
1276 687 1371 756 sieut

405 800 537 870 arcteris
562 822 613 868 ex
637 797 831 892 adoptionis
855 799 968 891 gratia
993 811 1057 866 eut
1079 821 1131 868 erc
1163 795 1372 870 molimento
1457 841 1458 876 q

402 911 577 980 ulmum
586 911 816 1006 prerogativa
832 907 919 978 Filii
937 921 1170 1003 praestaretur.
1189 907 1245 978 Sic
1262 919 1298 976 et
1313 904 1373 974 Ju·

403 1034 500 1111 stus,
524 1017 686 1118 quiante
711 1016 864 1089 Felicem
889 1017 1054 1090 Ecclesiae
1078 1017 1219 1118 praefuit
1252 1015 1373 1116 Urgel-

402 1129 540 1201 litanae:
566 1128 656 1198 unde
683 1129 787 1200 etiam
813 1144 909 1227 patet
932 1128 1166 1200 Ecclesiarunr
1195 1127 1373 1227 Hispaniae

402 1239 539 1333 antiqua
563 1236 701 1310 traditio
727 1263 767 1310 ac
792 1235 877 1308 fides
901 1236 1049 1335 fideique
1074 1237 1302 1338 praescriptio.

450 1344 551 1416 Proh.
578 1344 616 1416 3⁰
640 1347 780 1418 ratione.
816 1345 969 1445 Adoptio
1002 1344 1259 1418 Jurisconsultis
1291 1359 1346 1415 est
1357 1399 1369 1435 ,

401 1460 556 1551 gratuita
578 1481 737 1552 personne
761 1471 942 1528 extraneo
975 1459 1165 1553 assumptio
1191 1453 1239 1526 nd
1261 1451 1370 1528 lraere·

403 1565 577 1653 dilatem
604 1567 715 1664 qualis
740 1565 869 1640 idcirco
895 1592 1042 1666 persona
1076 1567 1232 1638 insitivus
1258 1562 1369 1636 irreres

400 1701 420 1745 a
447 1677 577 1750 Seneca
595 1677 808 1776 appellatur:
835 1677 930 1774 atqui
949 1677 1116 1768 Christus,
1133 1679 1239 1747 etiam
1254 1691 1295 1746 ut
1310 1675 1371 1748 ho·

400 1813 472 1877 mo,
497 1815 568 1860 non
593 1805 646 1860 est
670 1814 817 1887 persona
835 1805 996 1860 extranea
1013 1804 1173 1888 respectu
1189 1787 1264 1879 Dei;
1285 1811 1369 1882 cum

399 1925 470 1970 non
496 1901 550 1990 sit,
575 1899 678 1970 etiem
704 1915 743 1970 ut
768 1901 874 1971 horno
899 1915 1073 1999 spectatus
1096 1924 1161 1998 per
1181 1895 1370 1996 reduplica-

401 2010 550 2100 tionem,
575 2010 640 2080 nisi
665 2035 811 2108 persona
837 2007 974 2099 divina,
999 2036 1076 2106 quae
1101 2007 1210 2080 Filius
1235 2023 1288 2078 est
1311 2031 1369 2076 na·

400 2117 517 2188 turalis
542 2145 583 2190 uc
608 2121 769 2218 proprius
785 2120 849 2189 Dei
865 2120 996 2190 Patris:
1022 2145 1105 2222 ergo
1123 2107 1211 2190 etei.
1232 2115 1369 2188 Deinde
1457 2165 1458 2220 3

393 2225 491 2316 filins
510 2242 563 2296 est
580 2253 707 2298 nomen
725 2253 893 2327 personae,
910 2244 945 2298 et
954 2227 1089 2321 filietas
1107 2225 1276 2326 competit
1292 2251 1368 2324 per·
1457 2269 1458 2308 2

397 2359 491 2406 sonae
518 2352 577 2404 aut
602 2339 801 2434 hypostasi,
826 2364 897 2409 non
922 2353 1076 2429 naturae,
1098 2345 1176 2436 quae
1201 2362 1267 2408 nec
1279 2333 1368 2429 filia

397 2442 532 2533 dicitur,
549 2470 613 2515 neo
630 2446 822 2544 concipitur
839 2461 875 2517 el
893 2463 1096 2544 generatur:
1123 2448 1220 2546 atqui
1248 2447 1366 2516 huma·
1420 2461 1423 2466 '

394 2577 437 2623 na
464 2570 583 2625 natura
604 2555 737 2626 Christi
763 2583 834 2628 non
859 2557 965 2628 habet
988 2585 1174 2658 personam
1192 2557 1366 2632 diversam

395 2689 413 2732 a
440 2663 513 2736 Deo
537 2663 664 2757 Verbo,
681 2692 739 2736 seu
758 2693 776 2738 a
793 2667 883 2740 Filio
900 2669 965 2740 Dei
981 2670 1147 2742 naturali:
1174 2695 1257 2767 ergo
1275 2683 1365 2740 etc..

391 2775 491 2847 Prior
516 2776 656 2874 quidem
681 2779 914 2878 peremptoria
931 2781 1019 2854 ratio
1036 2798 1088 2854 est
1115 2780 1212 2853 Libri
1239 2779 1365 2852 Sacro-
1457 2775 1458 2784 ¹

392 2881 520 2978 syllubi
543 2883 725 2982 approbati
750 2886 785 2956 in
813 2887 969 2960 Concilio
989 2887 1277 2977 Frencfordiensi3
1302 2911 1365 2986 po-

391 2989 514 3061 sterior
532 2993 833 3063 vehementissima
850 2993 1009 3068 Doctoris
1026 3013 1079 3069 est
1095 2995 1282 3096 Aquinatis
1297 3009 1363 3066 ter·
1457 3045 1458 3062 i

391 3099 435 3170 tia
461 3128 494 3199 p.
521 3105 708 3198 quaestione
740 3102 784 3174 23
816 3121 880 3175 art.
915 3107 948 3176 4.
979 3108 1109 3205 Hisque
1145 3105 1362 3178 abundanter
1457 3115 1458 3148 l

392 3206 562 3304 simulque
588 3211 746 3309 expedite
773 3239 868 3284 error
893 3213 1063 3312 mipendi,
1080 3241 1220 3288 necnon
1245 3216 1365 3312 opina·

394 3332 551 3388 urent-uni
578 3320 744 3410 Durandi‚
771 3319 1039 3396 labefactantur:
1066 3324 1220 3396 Duraudi
1250 3323 1364 3421 profe·

389 3427 455 3514 cte,
485 3424 613 3522 absque
640 3429 894 3527 scripturarum
919 3435 1132 3535 Patrunrque
1158 3433 1363 3505 fundamen·

394 3546 430 3602 to
456 3533 701 3632 proloquentis.

436 3669 548 3737 PROP.
573 3673 609 3737 Il.
635 3673 777 3740 Christus
801 3675 896 3744 homo
920 3689 967 3744 est
989 3681 1108 3747 morale
1126 3679 1228 3768 Caput
1251 3680 1360 3746 Eeele·
1429 3667 1432 3674 ’
1457 3665 1458 3668 “

386 3773 562 3859 sia13quod
587 3773 648 3840 fide
673 3785 807 3856 constan
831 3798 866 3844 ae
891 3773 978 3872 cerlo
1002 3800 1096 3850 seusu
1121 3791 1169 3850 est
1189 3781 1284 3848 etiam
1307 3779 1360 3845 In*-
1452 3783 1458 3807 ²

385 3873 524 3944 fidelium
549 3887 581 3945 et
604 3876 802 3967 Angelorum.
