2942 4962
260 586 314 637 un,
328 584 456 632 cnursrr
482 584 630 630 screurn
658 586 700 630 nr
728 585 927 660 stncrrrtrn
1016 563 1085 636 197

109 672 399 773 propositionem,
424 685 460 740 et
486 671 583 768 eujus
609 669 737 744 solutio
754 670 798 742 ad
815 673 982 770 quasdam
1008 674 1089 747 alias

110 782 271 884 praesidio
298 783 365 853 erit
395 779 568 852 eluendas.

160 892 337 992 Ohjiciunt
351 893 489 990 itaque:
510 893 610 991 juxta
627 894 704 966 haee
722 893 765 964 de
783 895 924 967 Christo
941 898 1088 997 propbe-

111 1002 177 1073 tica
201 1003 256 1072 Ps.
284 1005 343 1094 tt,
369 1002 429 1101 qui
455 1001 498 1072 de
524 1003 684 1101 passione
710 1004 852 1076 Domini
881 1006 1089 1078 mirabiliter

110 1110 297 1182 historicus
322 1110 529 1203 ostenditur,
555 1115 667 1200 Deus,
693 1114 791 1186 Deus
820 1137 933 1202 meuc,
960 1118 1089 1213 respice

114 1221 152 1290 in
171 1245 241 1306 me,
258 1245 366 1316 quare
383 1246 439 1292 me
457 1221 701 1318 dereliquisti)
718 1223 820 1321 longe
836 1249 859 1296 u
877 1225 989 1297 solute
1005 1250 1087 1298 mea

112 1329 215 1402 verba
240 1331 449 1404 delictorum
466 1357 643 1418 meorum,
661 1335 818 1406 Christus
835 1336 870 1405 in
889 1361 992 1408 cruce
1009 1362 1090 1436 pen·

113 1439 216 1512 dulus
242 1440 286 1512 de
313 1439 404 1512 sacto
431 1443 481 1512 sic
499 1439 716 1530 exclamavit,
734 1445 842 1534 Deus,
859 1446 957 1516 Deus
973 1470 1089 1532 ment,

111 1569 153 1623 itt
178 1553 264 1650 quid
287 1551 500 1649 dereliquisti
525 1553 613 1623 mel
640 1552 675 1622 Si
701 1553 749 1622 ita
783 1579 867 1650 ergo
902 1553 1088 1628 derelictus

111 1659 179 1730 suit
204 1688 223 1730 a
248 1660 334 1752 Deo;
360 1687 431 1731 nou
458 1659 580 1730 habuit
605 1661 787 1730 scientiam
804 1660 942 1732 beatam
960 1664 1025 1734 Dei
1042 1666 1091 1736 vi·

112 1768 229 1860 sionis,
247 1796 327 1865 quae
352 1795 471 1840 secum
494 1771 599 1840 trahit
617 1771 742 1840 animae
762 1769 907 1867 gloriam
925 1788 960 1841 et
973 1798 1092 1870 peren·

60 1871 64 1886 '
113 1904 198 1948 nem
224 1877 444 1952 felicitatem:
472 1905 555 1977 ergo
582 1881 698 1972 etium,
715 1882 743 1952 si
760 1883 807 1951 ita
825 1880 998 1971 clamavit,
1013 1907 1093 1982 peo-

115 2005 194 2062 cato
220 1991 393 2063 obnoxius
419 1991 497 2082 fuit,
513 1991 599 2063 dum
609 1992 722 2067 veluti
747 2008 864 2064 aetum
883 1991 1093 2092 desperatio·

111 2100 168 2170 nis
195 2100 322 2171 elicuit.

162 2180 195 2302 ll
221 2206 265 2277 ad
294 2210 352 2278 1¹¹⁰
370 2208 561 2280 illationem
579 2211 629 2282 sic
646 2199 913 2310 distinguendo:
940 2228 976 2284 et
994 2212 1093 2284 Chri-

113 2334 187 2389 stus
213 2345 256 2390 ex
281 2319 398 2392 verbis
424 2320 538 2394 citatis
564 2321 629 2394 suit
655 2341 826 2422 quantum
843 2324 887 2396 ad
904 2326 1093 2396 animama

113 2429 191 2500 Deo
218 2425 414 2520 derelictus,
440 2450 554 2527 ne'que
580 2434 654 2531 ejus
680 2433 805 2525 anima,
831 2432 1024 2506 secundum
1043 2459 1094 2504 su·

112 2539 285 2638 periorem
312 2539 496 2630 rationem,
521 2540 596 2630 Deo
621 2542 781 2615 intuitive
807 2544 880 2616 viso
907 2541 1095 2614 delectaba-
1196 2533 1201 2546 ⁸

114 2666 171 2720 tur
197 2651 294 2723 omni
320 2666 514 2738 momento,
540 2679 574 2720 n.
601 2655 898 2750 consequentiam,
925 2669 961 2724 et
985 2650 1092 2725 verba

113 2759 169 2831 illa
195 2759 440 2832 tantummodo
467 2759 729 2858 subindigitant,
747 2761 843 2859 quod
861 2763 975 2831 anima
994 2761 1093 2832 Chri-

115 2872 169 2962 sti,
194 2871 365 2969 recipiens
391 2895 561 2969 corporeo
579 2895 679 2940 sensu
698 2872 908 2968 passionem,
926 2866 1093 2940 afficieba-

114 3003 172 3056 tur
197 2983 392 3056 secundum
409 2984 581 3055 rationem
599 2983 810 3074 inferiorem,
828 3007 933 3080 quam
950 3006 1092 3053 sensua-

118 3096 252 3166 litatem
278 3109 416 3181 vocant,
441 3095 642 3164 vehementi
665 3075 799 3184 ¹dolore,
817 3093 877 3188 qui
894 3091 991 3161 nullo
1012 3087 1094 3192 leni-

114 3220 212 3275 retur
247 3202 397 3293 auxilio,
423 3228 451 3274 c.
479 3203 775 3298 consequentiam.
811 3200 970 3272 Christus
997 3198 1091 3268 enim

104 3333 177 3412 per
203 3339 301 3383 suam
329 3310 522 3383 absolutam
548 3305 757 3410 potestatem
785 3309 942 3382 cohibuit
964 3324 1096 3379 torrem

115 3440 188 3495 tem
214 3423 404 3523 voluptatis
430 3423 467 3492 in
492 3440 622 3514 mente,
645 3450 692 3514 ne
718 3421 890 3494 difflueret
909 3421 1093 3490 in'sensus.

114 3536 226 3632 Igitur
250 3534 422 3605 Dominus
448 3534 548 3605 lesus
574 3534 732 3604 Christus
758 3534 805 3603 ita
830 3531 995 3627 loquutus
1021 3543 1098 3616 est,

113 3662 155 3716 ut
172 3642 396 3745 patefaceret,
413 3671 449 3715 se
467 3644 594 3715 habere
612 3661 773 3714 naturam
790 3647 989 3729 humanam3
1003 3665 1093 3736 quae,

118 3755 169 3824 uti
195 3780 276 3827 rere
301 3751 413 3826 David
439 3751 483 3822 de
510 3754 648 3824 Christo
678 3751 914 3851 praedicebat,
941 3747 1093 3820 desolata

116 3861 251 3960 sibique
277 3861 397 3934 relicta
422 3859 527 3932 corde
553 3859 712 3958 liquescit
738 3875 903 3956 tanquam
922 3885 1009 3947 cera,
1026 3881 1093 3927 are·

117 3976 263 4073 scitque·
278 3977 407 4050 virtute
434 3990 603 4072 tanquam
620 3987 719 4066 testa,
736 3974 786 4046 sic
805 3988 843 4043 ut
859 3973 894 4044 in
912 3970 1093 4072 pulverem
