2908 4962
385 523 583 572 nru‘ouursn
610 489 769 584 eouronn¹
973 488 1052 588 Ι131

10 625 26 672 ῑὶ·
87 612 221 704 sinenti,
245 609 303 682 coi
321 609 441 703 Servio
458 607 574 680 Tullio
590 602 720 700 nomen
738 597 815 700 suit,
838 621 948 709 eaput
970 614 1064 684 arsis·

10 739 25 781 ,o
85 751 123 797 se
148 721 264 793 ferunt
288 718 483 790 multorum
508 719 545 788 in
560 711 944 819 'conspeetukPlurimo
960 722 1066 819 igitur

10 851 25 895 ἱ·
85 835 249 923 elamore,
273 829 355 904 inde
381 828 426 901 ad
452 841 559 902 tantae
583 831 634 900 rei
661 828 868 902 miraculum
894 841 984 923 orto,
1009 859 1067 904 ex·
1154 887 1156 896 .

14 967 23 1006 t
85 947 174 1018 citos
201 969 312 1042 reges.
337 943 386 1013 Et
412 959 522 1039 quum
536 940 922 1040 quidamlsamiliarium
940 969 1066 1040 aquam

17 1109 24 1116 .
84 1053 129 1125 ad
153 1049 444 1150 restinguendum
471 1048 590 1142 ferret,
606 1047 650 1121 ab
667 1051 786 1148 regina
805 1063 995 1126 retentum:
1014 1079 1065 1124 se·

10 1185 23 1228 t
88 1164 242 1266 datoque
267 1189 350 1236 eam*
365 1160 527 1251 ¹tumultu
552 1161 687 1234 moveri
713 1162 863 1234 vetuisse
897 1188 1065 1260 puerum;

16 1295 20 1331 ³·
84 1276 198 1350 detrec
222 1301 285 1349 sua
310 1289 444 1377 sponte.
464 1281 689 1373 experrectus
723 1289 864 1344 esset».
894 1275 1066 1374 Experre-

15 1406 19 1472 ζ
85 1403 184 1460 ctum
207 1388 317 1486 igitur
332 1377 459 1458 licebat
476 1383 620 1478 moveri,
645 1383 741 1482 quod
763 1400 960 1456 nonantea
986 1384 1066 1458 lice·

78 1497 175 1570 batt
200 1525 305 1596 nugre
330 1500 435 1570 rero'!
461 1495 577 1594 inquit
609 1496 786 1567 Bauen'us.
811 1496 863 1566 Ita
897 1495 1005 1592 igitur
1030 1513 1066 1568 et

85 1604 173 1677 illud
197 1604 370 1704 Vulgatoe,
394 1599 507 1676 donec
527 1605 664 1701 peperit
682 1602 818 1691 filium,
835 1618 871 1675 et
887 1605 956 1676 hoc
982 1631 1064 1702 gree·

16 1717 19 1783 [
84 1743 139 1788 0ae
165 1715 326 1788 ediiionis
347 1717 447 1788 Maii·
475 1715 489 1786 1
524 1741 555 1789 V·
583 1712 643 1807 25,
662 1728 744 1784 ἶωςοῦ
763 1726 833 1780 itm
851 1727 893 1780 τὸν
913 1729 1064 1800 ύιόναυτῆς,

84 1825 382 1929 interpretaberis.
1060 1837 1062 1842 “

10 1969 15 2008 ¹.
136 1937 314 2038 Ohjieiunt
337 1937 476 2008 iterum.
502 1935 682 2010 Helvidius
708 1955 887 2039 postremo
921 1939 1000 2012 loco
1026 1942 1063 2016 id

10 2098 19 2115 .
83 2051 253 2151 proponit
276 2048 381 2150 apud·
399 2049 433 2120 S.
467 2048 736 2149 Hieronymum,
765 2050 859 2148 quod
889 2049 932 2122 de
967 2051 1063 2125 Chri·
1129 2069 1131 2076 ’

10 2186 18 2225 ι
84 2177 140 2233 sto
166 2159 332 2232 dixerunt
356 2161 455 2232 Matt.
483 2159 528 2230 13
547 2160 734 2260 populares
759 2163 832 2262 ejus
857 2163 1061 2260 Nazaretha-

11 2299 17 2338 ¹.
84 2273 140 2344 ni:
168 2281 289 2346 nonne
314 2268 376 2343 hie
400 2287 451 2343 est
463 2268 572 2366 fubri
591 2271 760 2367 filiusm
781 2289 816 2346 et
828 2272 967 2369 fratres
984 2277 1061 2369 ejus

83 2379 243 2453 Iacobus
269 2395 304 2453 et
319 2377 453 2477 Ioseph
471 2392 505 2452 et
524 2379 652 2453 Simon
669 2396 703 2453 et
719 2382 833 2455 Iudas
848 2383 866 2454 i
891 2407 974 2478 ergo
993 2383 1062 2454 Ma-

11 2495 15 2560 ὲ
82 2494 132 2565 n'a
158 2492 277 2592 plures
302 2518 346 2564 ex
370 2492 524 2591 Josepho
549 2508 631 2592 post
656 2495 835 2566 Christum
870 2493 958 2564 filios
983 2494 1062 2565 effu:

11 2631 14 2669 s
85 2602 146 2675 dit.
173 2577 216 2701 11.
243 2605 453 2701 Quanquam
471 2603 538 2675 ΡΡ.
555 2603 714 2676 nonnulli
741 2606 921 2695 senserint,
939 2603 1061 2676 fmtres

11 2737 15 2776 ι
82 2715 168 2787 Jesu
193 2738 266 2787 esse
292 2713 382 2786 filios
407 2703 538 2814 Joseph
556 2715 621 2786 alia
639 2742 748 2787 uxore
765 2716 978 2815 progenitos3
997 2741 1060 2786 nos

11 2851 14 2886 t
84 2838 206 2894 tamen
231 2848 304 2895 non
330 2823 433 2894 unius
459 2823 578 2894 Mariae
604 2825 852 2921 virginitatem,
869 2823 930 2895 sed
948 2839 983 2893 et
1004 2825 1061 2896 Jo-

12 2959 13 2994 1
80 2935 180 3035 sephi
206 2949 413 3034 perpetuam
447 2934 504 3005 hic
537 2936 637 3033 juxta
664 2935 758 3035 piam
785 2935 938 3007 fidelium
966 2960 1059 3004 men·

81 3058 155 3115 tem
182 3043 435 3118 adseveramus.
460 3043 549 3115 Nam
576 3045 653 3142 quis
679 3044 766 3118 adeo
801 3045 1058 3143 Scripturarum

12 3189 14 3198 ν
79 3150 188 3241 rudis,
204 3166 244 3222 ut
268 3151 417 3249 ignoret,
444 3178 554 3249 quum
572 3169 720 3251 quatuor
738 3152 853 3225 modis
870 3151 1058 3248 ihisrutres

13 3307 14 3316 κ
80 3261 252 3355 dieantur,
277 3263 325 3334 ait
351 3263 598 3361 Hieronymus,
623 3280 766 3352 ruitura,
781 3280 906 3361 geute,
931 3287 1059 3357 cognu-

13 3407 14 3416 ¹
78 3375 186 3464 tione,
201 3368 349 3472 effectu,
370 3375 647 3470 consanguineos
671 3375 707 3444 in
734 3374 865 3446 eisdem
893 3369 1058 3471 appellari

68 3481 238 3580 fratres?
263 3483 333 3573 Qui
350 3482 507 3582 ejusdem
524 3499 606 3555 sunt
625 3487 770 3582 generis,
787 3485 901 3583 inquit
916 3481 1059 3570 Pineda,

79 3589 123 3662 ah
151 3589 348 3688 eodemque
374 3591 487 3691 eapite
514 3594 658 3663 trahunt
683 3594 866 3691 originem,
883 3591 1005 3660 fratres
1022 3589 1064 3658 in*

79 3701 262 3800 Scriptura
298 3699 476 3772 dicuntur.
512 3701 569 3773 Sic
604 3703 731 3774 Geues.
760 3699 804 3773 15
840 3691 1058 3771 Abraharnus

78 3812 175 3882 Loth
201 3813 323 3911 nepoti
349 3837 413 3883 suo
431 3811 531 3902 dixit,
548 3837 607 3898 ne,
624 3837 755 3909 quiusa,
773 3815 817 3883 sit
827 3813 996 3910 jurgium
1110 3899 1116 3907 ⁸

68 3921 212 4017 fratres
237 3926 334 3996 euim
359 3949 504 3996 sumus:
525 3925 593 4022 'qui
620 3949 704 4022 ergo
722 3922 845 3996 fratres
863 3921 994 3996 Christi
1013 3915 1057 3987 di·
