2908 4962
308 453 692 530 „eructuassem
712 479 789 530 anv.
801 481 873 530 arr.
1009 437 1014 447 i
1034 457 1079 534 77

99 599 171 671 que
206 567 275 642 dici
313 562 416 668 posse
454 561 652 658 affirmans,
686 563 784 664 quod
816 595 859 642 ex
893 562 1081 670 Antipatro

97 678 298 752 Ascalonita
315 692 416 748 natus
441 673 580 747 fuerit
571 703 609 748 1n
629 675 801 769 ldumaea,
819 676 904 748 dum
926 677 1085 780 captivus

99 817 184 862 suus
211 789 261 860 ibi
286 804 386 911 pater
412 789 555 862 vireret.

151 899 201 970 At
201 898 404 995 ,inquiunt
421 897 583 984 Idumaei,
601 923 644 968 ex
663 921 732 994 quo
750 923 810 969 eos
809 889 965 996 subegit
982 862 1083 972 Sum·
1146 967 1149 980 ,

97 1035 194 1082 mus
213 1007 419 1080 Judaeorum
454 1006 616 1081 Pontifex
651 1007 859 1079 Hiroanus
869 1009 975 1079 annis
1003 1025 1082 1084 ante

99 1118 283 1190 Christum
310 1117 369 1208 90,
395 1115 567 1216 compulsi
585 1131 675 1186 sunt
692 1115 737 1186 ad
754 1142 876 1188 omues
887 1107 1085 1214 Religionis

98 1227 255 1300 Judaicae
285 1228 385 1316 ritus,
410 1227 563 1325 indeque
588 1251 654 1325 pro
680 1225 809 1298 Judaeis
843 1226 1084 1302 habebantur:

59 1337 61 1339 ’
101 1361 188 1435 ergo
214 1333 372 1432 Herodes
398 1333 464 1406 fuit
485 1333 639 1406 Judaeus.
656 1333 826 1406 Pulchre!
849 1331 915 1406 fuit
931 1337 1086 1430 nomine,

102 1447 201 1542 cultu
228 1462 265 1517 et
288 1447 466 1544 religione,
493 1444 735 1537 concedimus3
762 1441 910 1542 genere,
940 1457 1020 1518 ortu
1046 1473 1087 1520 ac

102 1554 272 1656 sanguine
298 1574 334 1628 et
363 1573 534 1654 quantum
565 1555 610 1626 ad
629 1557 706 1654 jura
741 1556 879 1648 civilia,
905 1553 1092 1655 negamus.¹

101 1667 194 1738 Male
219 1667 338 1764 itaque
363 1663 523 1738 Nicolaus
548 1665 795 1756 Damascenus,
822 1683 860 1736 ut
886 1665 952 1738 sibi
982 1668 1086 1765 grati·

37 1809 40 1815 ¹
100 1803 160 1848 am
187 1792 344 1876 captaret
366 1775 527 1867 Herodis,
554 1802 635 1846 eum
662 1773 798 1847 duxisse
826 1803 934 1875 genus
960 1801 979 1848 e
1005 1801 1086 1877 pro·

100 1885 241 1957 ceribus
253 1884 457 1958 Judaeomm
470 1883 684 1956 mendaciter
701 1911 744 1955 ex
758 1886 988 1957 assentatione
1003 1886 1085 1957 scri-

100 1999 183 2096 psit,
209 2012 259 2086 ut,
285 2022 366 2068 sane
392 1997 506 2068 omnis
533 1998 590 2067 hic
616 1996 708 2068 odii
712 2022 822 2096 purus
848 1998 886 2066 in
918 1994 1085 2068 Herodia-

102 2105 341 2199 des,Flav1us
366 2103 474 2177 refert
499 2105 671 2218 Josephus
695 2104 753 2178 lih.
771 2105 985 2245 4Archaeol
1008 2129 1048 2178 c
1046 2099 1085 2180 2

101 2239 197 2286 nunc
223 2220 255 2286 1.
754 2243 756 2248 ’

153 2321 332 2426 Objiciunt
355 2327 434 2398 haec
467 2327 621 2418 iterum,
656 2353 735 2424 quae
761 2327 992 2401 coacervatim
1023 2329 1085 2429 2““
1097 2373 1099 2386 1

103 2461 243 2533 quoque
256 2437 385 2506 thesim
398 2451 580 2507 attentant
599 2437 733 2508 Messiae
752 2436 922 2510 adventus
940 2464 983 2509 ex
994 2437 1085 2510 Psal.

102 2544 151 2613 49
179 2545 385 2642 magnificus
410 2571 484 2616 esse
511 2543 625 2616 debet
642 2548 691 2616 Et
708 2547 852 2645 quidem
870 2549 1011 2620 Messias
1027 2575 1084 2622 su·

95 2655 167 2755 per
189 2657 321 2728 solium
346 2656 465 2726 Dauid
476 2711 489 2744 ,
515 2682 559 2750 ex
584 2659 628 2728 Is.
656 2658 703 2750 9,
729 2657 867 2731 sedebit.
898 2660 1013 2732 Immo
1039 2683 1099 2734 ert¹

104 2763 179 2836 aliis
201 2766 399 2864 Prophetis,
425 2767 497 2864 ejus
523 2768 740 2838 characteres
757 2782 849 2859 sunt,
871 2767 1020 2839 exaltare
1037 2768 1086 2839 Is·
1198 2810 1199 2814 =

103 2874 261 2968 raelita's,
284 2874 429 2948 liberare
455 2876 614 2969 Iudaeos,
640 2877 814 2949 debellare
850 2879 978 2970 Moab,
1004 2879 1096 2978 Gog·

28 3046 30 3050 .
104 3003 142 3059 et
167 2989 304 3087 Magog.
331 2989 421 3060 Sunt
446 2989 551 3061 etiam
573 2990 714 3060 'Messiae
752 2991 993 3081 characteres,
1016 3015 1085 3082 suo

106 3103 240 3174 Gentes
265 3103 416 3202 imperio
442 3101 639 3202 subjugare,
663 3101 756 3174 idola
777 3100 1021 3200 idolorumque
1037 3121 1087 3174 rei

104 3211 254 3311 ligiones
280 3215 496 3313 extinguere.
513 3213 617 3287 Unde
636 3215 766 3314 passim
784 3239 803 3284 a
820 3216 928 3286 choro
954 3217 1086 3288 Vatum
1176 3229 1179 3238 “

103 3327 189 3396 Reae
207 3341 361 3422 potens,
388 3328 603 3399 Deminator
631 3343 667 3398 et
697 3326 840 3415 Victor,
865 3328 1023 3399 Bellator
1046 3343 1084 3400 et

103 3433 273 3532 Princeps
299 3434 512 3534 appellatur.
538 3436 650 3533 Atqui
669 3435 756 3538 talis
786 3461 858 3506 non
889 3435 1004 3507 extitit
1033 3435 1086 3507 Je-

39 3607 40 3611 ,
104 3571 162 3616 sus
196 3547 414 3618 Nazarenus:
440 3547 498 3620 hic
524 3573 608 3646 ergo
634 3573 706 3618 non
732 3562 786 3618 est
810 3572 891 3620 vere
922 3547 1088 3638 Messias,

103 3683 211 3754 quem
236 3661 347 3730 Vetus
372 3653 551 3758 Scriptura
577 3659 772 3758 promittit:
799 3660 869 3730 ruit
903 3661 1010 3756 igitur
1048 3663 1087 3732 2¹

100 3765 240 3858 Thesis,
257 3769 294 3838 in
320 3793 389 3867 qua
414 3784 468 3840 tot
494 3767 620 3841 frustra
647 3769 809 3842 vaticinia
829 3785 1086 3840 coacervantur

135 3869 197 3970 11.
224 3875 365 3948 Frustra
391 3878 509 3978 potius
535 3904 555 3948 a
580 3876 712 3952 Judaeis
738 3877 898 3978 aggerata
925 3894 1006 3949 suut
1031 3892 1086 3950 tot
