2908 4962
270 535 313 583 ne
331 531 546 582 uucnssrraru
564 531 606 579 rr
621 525 734 580 causas
751 529 878 582 matun.
1019 507 1073 586 87
1129 577 1145 596 „

105 619 223 696 ‚Proin
250 622 272 694 2
291 605 378 720 'pars
391 644 411 689 ι·
426 643 466 688 ac
479 615 607 716 primo
623 641 795 715 suppono,
813 613 1074 690 Christi-*huma-

99 736 250 810 nitatem
268 755 340 804 non
364 729 533 830 potuisse·
546 714 684 800 mereri«
703 752 769 800 nec
794 725 835 800 de
859 728 1045 824 condigno
1059 771 1074 817 3

98 843 188 916 idest
213 868 257 914 ex
282 840 404 912 stricto
425 838 515 936 jure,
531 863 597 910 nec
621 837 663 910 de
680 861 854 934 congruo,
871 839 940 918 hoc
961 853 1073 914 estex

97 950 248 1050 quadam
274 948 446 1040 decentia,
472 948 732 1046 hypostaticam·
752 973 833 1020 cum
858 945 975 1026 Verbo
992 945 1076 1030 divi·¹

101 1081 144 1133 no
170 1059 354 1132 unionem:
381 1082 424 1128 eo
450 1053 546 1154 quod
562 1055 619 1126 illa
636 1072 716 1128 ante
733 1058 823 1130 hanc
847 1055 965 1158 ipsam'
981 1058 1075 1130 unio

100 1194 179 1240 uem
204 1163 365 1240 noudum
390 1181 464 1236 erat
488 1165 526 1236 in
550 1191 669 1237 rerum
689 1181 822 1256 natura,
839 1163 1013 1264 siquidem
1036 1165 1075 1236 in

102 1278 213 1376 primo
237 1275 381 1346 instanti
406 1299 478 1345 suae
504 1275 765 1375 conceptionis,
790 1292 830 1346 ut
854 1275 941 1348 fides
954 1311 957 1362 ς
970 1275 1075 1356 docet

106 1407 221 1464 contra
236 1390 460 1481 Nestorium,
485 1387 603 1461 divino
627 1388 745 1462 Verbo
770 1388 863 1462 illico
888 1393 985 1470 unita
999 1390 1076 1464 tuit.

107 1503 207 1592 Quod
234 1527 316 1576 vero
341 1527 407 1574 nec
432 1501 536 1601 prisci
561 1503 691 1593 Patres,
715 1527 782 1574 nac
807 1504 866 1576 SS.
891 1505 1000 1604 Virgo
1024 1507 1077 1578 In·

106 1617 336 1688 carnationem
361 1616 494 1688 ratione
521 1613 743 1706 substantiae,
768 1641 834 1690 nec
859 1619 992 1690 ratione
1010 1621 1078 1692 'im

107 1753 163 1798 mo
189 1726 537 1816 circumstantiarum,
553 1724 595 1796 de
616 1723 792 1821 condigno
810 1729 1078 1824 promeruerint,

107 1829 343 1906 eumanifesta
360 1834 501 1920 ratione-
511 1848 625 1933 patet:
644 1835 818 1931 quoniam,
835 1851 1080 1933 praeterquam·

108 1943 202 2041 quod
225 1943 419 2016 incarnatio
445 1943 553 2016 totius
575 1960 628 2015 est
653 1943 772 2041 gratiae
799 1944 975 2036 etfmer'iti
991 1947 1082 2045 prin·

109 2056 248 2153 cipium,
273 2057 366 2126 inter
391 2056 516 2126 merita
542 2053 725 2154 cujuslibet
754 2071 920 2128 creaturae
945 2081 1085 2144 acmu-

108 2162 239 2234 xiurum
265 2163 514 2234 incarnationis
538 2164 733 2236 Dominicae
757 2162 967 2237 beneficium
988 2167 1082 2239 nulla

106 2272 285 2371 proportio
311 2271 402 2344 valet
427 2274 626 2370 excogitari,
652 2273 746 2344 nulia
772 2275 878 2346 etiam
894 2277 1087 2375 promissio

108 2396 169 2451 aut
180 2397 318 2480 pactum
338 2381 452 2453 extitit
469 2379 626 2454 divinum
643 2399 803 2483 respectu
817 2384 1085 2458 circumstantia·

108 2517 208 2562 rum:
235 2491 328 2563 unde
354 2492 482 2592 passim
498 2493 536 2564 in
554 2493 741 2592 Scripturis
767 2491 894 2568 divinae
921 2521 1001 2592 erga
1019 2521 1084 2568 nos

111 2605 243 2680 caritati
261 2604 433 2676 tribuitur.
450 2606 535 2678 Haec
552 2620 634 2678 sunt
650 2603 844 2702 quibusque
862 2621 955 2682 certa
972 2607 1087 2680 Theo·
1135 2680 1139 2690 ,
1175 2645 1179 2656 ·

111 2711 211 2812 logis.
228 2713 434 2815 tandjieio,
459 2740 519 2786 eos
544 2729 661 2786 tamen
687 2715 778 2786 inter
803 2742 841 2787 se
866 2715 1087 2814 vitilitigare,

109 2827 139 2896 si
165 2824 208 2896 de
234 2829 357 2899 unrito
375 2828 416 2898 de
433 2845 594 2921 congruo
616 2825 820 2923 loquantur:
847 2828 978 2898 etenim
1005 2828 1087 2900 Sua·

110 2963 182 3029 reu,
208 2941 373 3030 Genetos,
389 2937 681 3010 L’Herminierius
698 2937 834 3036 aliique,
849 2939 1086 3012 beatissimam
1182 2941 1186 2948 ’

110 3047 291 3146 Virginem
327 3049 540 3144 Sanctosque
574 3062 709 3120 veteres
734 3065 771 3120 et
796 3047 911 3146 quoad
936 3047 1090 3121 substan·

111 3157 198 3227 tiam
226 3175 261 3228 et
286 3157 399 3256 quoad
434 3159 709 3230 circumstantias
741 3159 1019 3248 lucarnationem
1046 3160 1090 3232 de

114 3291 271 3366 congruo
295 3268 541 3368 promeruisse,
566 3285 774 3360 asseverant,
801 3266 931 3342 scilicet
948 3285 987 3340 ut
1011 3269 1092 3338 Ver-

48 3407 54 3420 ·
111 3373 199 3472 burn
225 3393 379 3448 nostram
405 3391 564 3448 naturam
580 3376 752 3468 induerat,
771 3402 917 3475 eamque
939 3391 974 3447 et
991 3376 1091 3448 citius

115 3759 242 3810 Christum
259 3742 388 3814 venturum
406 3761 495 3826 fnisse,
511 3779 540 3812 ea
557 3762 652 3813 sublata
668 3777 758 3826 causa,
775 3760 913 3828 simpliciter
935 3767 961 3810 et
982 3758 1094 3810 absolute

116 3861 221 3919 negant:
234 3852 258 3902 si
271 3853 353 3918 homo,
370 3862 404 3904 art
422 3855 447 3905 S.
464 3856 515 3905 teo
533 3856 565 3908 M.
579 3857 658 3906 Serm.
677 3856 691 3905 3
709 3855 883 3918 Pentecostes,
900 3852 926 3902 ia
941 3869 986 3904 ruo
1003 3850 1096 3902 honore

113 3957 212 3996 murrae
229 3947 371 3998 meruisset.
382 3983 406 3997 ..
425 3945 529 3998 Creator
543 3945 631 3999 muudi
647 3960 763 4026 arcanam
779 3942 920 4026 norrficuec.
