2908 4962
37 605 44 614 ,
406 551 449 601 nn
475 546 605 602 cuttsrt
624 533 781 602 ‘consona
993 501 1080 606 ¹123

80 657 82 664 '
98 659 179 718 stus
195 671 215 717 a
239 641 401 716 'mortuiis
426 639 602 716 redivivus
616 641 677 712 'sic
687 657 690 668 '
701 638 874 716 undecim
893 639 1084 744 Apostolos

95 755 350 846 existimantes,
366 767 407 824 ut
432 741 707 844 eum'viderunt,
723 777 760 824 se
785 750 904 828 videre
921 754 1084 855 spiritum

96 867 222 940 affatus
248 881 321 940 est:
346 863 435 964 quid
466 855 602 964 turbati.
632 865 712 937 estis
730 864 749 934 ?
852 863 978 940 Videte
1012 865 1088 937 rita

94 1003 169 1051 nas
194 1002 293 1052 meas
317 991 352 1049 et
371 973 493 1073 pedes,
517 977 581 1074 qui
604 1000 668 1071 ego
695 977 767 1072 ipse
792 1000 899 1049 sum:
923 975 1089 1074 palpate,

93 1101 130 1158 et
157 1083 278 1178 videte,
302 1086 387 1182 quia
412 1085 554 1180 spiritus
580 1107 728 1158 carnem
745 1097 788 1156 et
812 1109 892 1160 ossa
918 1109 993 1158 non
1017 1081 1088 1156 lia·¹

92 1194 165 1288 bet,
181 1199 275 1270 sicut
290 1221 348 1268 me
366 1193 486 1268 videtis
504 1189 645 1268 babere:
663 1197 965 1272 verumenimvero
984 1195 1082 1269 Chri·

94 1321 173 1378 stus
189 1303 234 1377 de
251 1305 335 1378 ficto
361 1319 397 1376 et
413 1305 635 1404 phantastico
653 1329 812 1404 corpore,
828 1330 965 1376 meram
982 1303 1091 1377 indu·-

95 1433 201 1489 oente
215 1415 478 1488 fascinationem
493 1415 686 1508 oculorum,
698 1416 784 1488 citra
797 1415 1020 1490 mendacium
1033 1417 1085 1502 sio

91 1527 194 1626 loqui
211 1516 283 1599 non
299 1526 479 1626 potuisset
498 1526 646 1626 Insuper
663 1527 705 1602 D.
723 1524 949 1624 Augustinus,
967 1553 986 1598 a
1010 1551 1081 1625 quo

91 1665 169 1710 non
187 1637 343 1711 dissonat
360 1639 488 1709 chorus
514 1636 573 1710 SS.
589 1637 760 1729 Petrum,
782 1639 849 1710 hoc
875 1653 1083 1736 argumento

93 1747 230 1846 premit
253 1739 530 1820 Phantasiastas:
555 1747 587 1818 si
606 1743 824 1844 phantasma
846 1747 930 1843 suit
954 1771 1083 1845 corpus

99 1856 247 1946 Christi,
251 1855 392 1955 fifillit
411 1856 586 1945 Christus,
599 1872 633 1930 et
645 1860 676 1931 si
679 1857 832 1956 fefellit,
853 1858 993 1935 Veritas
1005 1883 1085 1930 noa

91 1985 164 2043 est:
182 1983 370 2043 astantem
397 1971 521 2046 veritas
541 1967 722 2041 Christus:
740 1993 812 2041 non
837 1971 944 2066 igitur
960 1965 1079 2066 phaa-

90 2095 209 2154 tasma
219 2083 305 2176 suit
329 2106 459 2179 corpus
484 2083 579 2179 eJ'us,·
596 2079 755 2178 alioquin
769 2096 861 2153 esset
885 2079 1093 2168 dicendum,

89 2191 191 2291 quod
212 2194 290 2289 ejus
316 2194 480 2266 nativitas
506 2218 558 2265 ex
587 2190 749 2289 Virgine,
768 2183 901 2289 passio,
927 2203 1076 2265 merset

90 2303 311 2374 resurrectio
315 2300 479 2406 fuissent
503 2300 623 2374 solam
648 2301 736 2399 quid
753 2297 1025 2398 phantasticum
1045 2313 1080 2371 et

89 2414 368 2510 imaginarium.
381 2463 409 2485 ..
435 2415 545 2510 igitar
568 2415 685 2486 inanis
711 2415 778 2486 erit
804 2411 1012 2512 pradicatio
1046 2425 1081 2483 et

76 2520 177 2614 fides
203 2537 335 2595 nostra.
361 2522 451 2614 Quis
479 2537 599 2598 autem
625 2524 694 2596 hoc
707 2521 798 2596 dicat
816 2523 890 2593 sine
903 2519 1027 2594 haeresi
1044 2534 1081 2590 et
1115 2554 1117 2558 ⁷

89 2631 294 2732 impietate?
321 2632 381 2726 ait,
397 2632 595 2705 Doctorum
612 2631 738 2730 aquila,
755 2630 927 2703 idemmet
942 2619 1086 2728 Augus·

89 2739 196 2810 tinus.
220 2741 295 2814 Nec
319 2741 355 2811 in
380 2766 419 2812 re
447 2756 520 2813 tam
537 2739 653 2812 lucida
672 2739 833 2830 deiectat,
860 2737 1081 2811 Nicoenuml

88 2863 127 2919 et
152 2848 579 2951 Constantinopolitauum
596 2849 657 2941 IV,
682 2873 761 2946 quae
778 2847 861 2918 alias
883 2848 1079 2938 citavimus,

91 2960 224 3062 iterum
241 2963 399 3036 recitare.

141 3069 245 3144 Proh.
264 3075 302 3144 a*
328 3100 420 3174 pars.
446 3071 629 3172 Quidquid
654 3073 781 3144 attinet
814 3070 859 3156 ad
894 3061 1080 3143 meliorem

89 3181 381 3256 constitutionem
407 3200 443 3256 et
472 3185 710 3282 integritatem
736 3184 900 3254 humanae
934 3194 1080 3271 naturae,

90 3291 385 3391 sanctionumque
411 3296 645 3368 necessarium
671 3292 899 3382 exercitium,
925 3286 1080 3360 aVerbo

89 3417 309 3501 assumptum
334 3401 400 3475 suit
425 3397 652 3491 immediate;
677 3399 768 3473 idest
794 3425 865 3472 non
892 3398 1008 3472 solum
1025 3423 1080 3469 re·

88 3527 187 3611 mate
213 3513 270 3585 vel
295 3515 428 3587 ratione
454 3514 595 3587 alterius
621 3541 683 3586 seu
710 3514 839 3603 totius,
864 3513 900 3582 in
928 3537 999 3610 quo
1028 3509 1080 3580 in-

88 3622 261 3716 cludatur,
286 3625 348 3698 sed
373 3643 410 3698 et
437 3626 598 3727 proxime
624 3623 660 3696 in
686 3625 795 3697 Verbi
829 3624 937 3724 ipsius
972 3623 1080 3720 hypo-

86 3732 195 3803 stasin
218 3752 457 3837 assumptum:
475 3737 574 3835 atqui
592 3737 771 3836 pertinent
789 3734 923 3826 dentes,
941 3755 1078 3828 ungues

87 3855 126 3909 et
152 3840 265 3913 crines
291 3843 337 3914 ad
362 3861 497 3917 naturae
523 3847 688 3918 humanae
707 3843 889 3916 meliorem
912 3837 1080 3913 constitu·

88 3949 223 4022 tionem
249 3969 286 4026 et
306 3969 484 4046 ornatum,
503 3952 546 4026 ad
564 3953 801 4053 integritatem
818 3976 902 4050 uero
923 3945 1076 4020 functio·
