2932 4970
430 609 500 674 Non
523 605 604 672 mihi
626 619 833 683 succenseas,
857 621 876 666 o
900 597 1075 682 seculum,
1097 617 1149 670 me
1176 605 1383 673 sacricolam
1460 667 1461 688 ,

384 729 511 779 vocans.
535 709 640 775 Tuum
663 705 802 785 attende,
828 725 891 770 non
916 703 1071 791 rigidum,
1086 705 1142 792 qui
1166 707 1266 773 immo
1282 709 1388 792 Deos,
1460 693 1461 786 i

385 823 422 880 ut
446 811 485 876 de
509 808 650 895 Epicuro
674 805 814 886 Tullius,
838 829 872 870 re
896 807 998 886 tollit,
1023 808 1169 873 oratione
1191 810 1385 898 relinquit,

333 975 335 978 .
384 912 569 980 secularem
599 907 763 975 homiuem
793 906 1005 989 Lucretium,
1034 905 1096 974 lib.
1127 907 1150 977 4
1181 907 1222 976 de
1256 908 1383 980 heman
1460 899 1461 994 ζ

384 1018 523 1083 Natura:
1460 1009 1461 1024 ¹

493 1140 696 1210 aequatumque
712 1137 765 1188 dics
782 1139 873 1189 multos
890 1155 924 1189 ex
941 1136 1029 1188 oruata
1046 1137 1114 1189 laedis

492 1209 624 1280 Amilos
640 1222 761 1274 dedenam
775 1241 864 1293 operor
873 1259 880 1288 ,
896 1223 1043 1292 plerumque
1060 1220 1189 1288 vellemus,

497 1315 577 1378 Quom
587 1310 645 1378 jam
663 1307 819 1372 destiterint,
837 1325 867 1360 eo
884 1307 995 1358 mosibus
1012 1323 1152 1376 usurpare,

493 1395 614 1464 Reliquas
632 1405 713 1444 tumeo
729 1410 781 1444 esse
798 1393 851 1442 vias
869 1391 895 1442 in
911 1403 989 1444 nante
1009 1391 1145 1460 pownteis,

497 1485 556 1548 Qua
571 1481 668 1550 possint
683 1478 769 1531 eadem
787 1496 869 1530 renem
886 1478 1023 1530 simulacra
1040 1478 1138 1528 venire:

494 1565 632 1616 Permultos
650 1564 735 1633 itaque
753 1561 799 1612 illu
815 1559 868 1612 dies
885 1558 971 1612 eadem
989 1557 1153 1612 obrenuntur

493 1650 561 1702 Ante
575 1648 677 1710 oculos,
694 1647 770 1698 ctiam
787 1646 935 1716 vigilantes,
952 1655 982 1696 ut
998 1641 1132 1696 videmur

495 1732 598 1784 cenom
614 1732 752 1794 salmateis,
768 1743 793 1781 et
809 1730 897 1780 mollia
913 1730 1022 1782 membru
1039 1727 1189 1789 moventes&

494 1815 529 1868 Et
545 1815 651 1868 citharae
668 1815 794 1887 liquidum
811 1832 926 1880 coroner,
947 1813 1105 1885 chordasque
1126 1813 1262 1883 equarum

493 1902 608 1954 Auribus
624 1903 752 1972 accipere,
768 1914 794 1953 et
809 1918 948 1954 consessum
965 1917 1061 1952 contere
1078 1897 1191 1952 cundem
1200 1917 1208 1962 5

493 1991 628 2062 Sceraa‘t'quc
644 1991 723 2041 simul
736 1991 818 2040 varios
835 1988 962 2060 splendere
978 1987 1086 2040 decores.

497 2077 582 2148 Usque
597 2077 660 2128 adeo
678 2079 763 2148 magni
778 2077 855 2146 rescrt
871 2077 983 2128 sardium
1000 2089 1076 2147 atquc
1092 2066 1206 2126 voletam
1215 2109 1223 2136 ,

494 2163 530 2215 Ec
545 2165 636 2242 quillus
654 2166 681 2217 in
698 2166 770 2216 rebus
787 2166 996 2216 consummasse
1013 2163 1110 2232 opcmu'

493 2247 553 2296 Non
570 2245 680 2298 homiaaes
697 2249 794 2310 sobam,
812 2246 857 2298 scd
873 2263 930 2298 vero
948 2247 1070 2298 animlio
1086 2255 1185 2296 curem.

432 2346 533 2425 Quam
557 2367 655 2434 porro
679 2349 845 2418 verissima
860 2349 930 2414 haec
954 2357 1046 2427 sunt,¹
1057 2341 1255 2432 experientia
1270 2341 1377 2406 teste!

385 2447 411 2515 l
434 2460 492 2517 tuo
513 2449 579 2535 jam
603 2449 730 2515 theatro
753 2467 813 2536 per
834 2459 962 2516 noctem
979 2446 1059 2536 qnuid
1075 2443 1238 2512 somnias?
1262 2461 1303 2506 eu
1319 2459 1375 2504 re

385 2555 479 2640 ponit
501 2555 592 2634 alius,
615 2551 767 2641 profanus
782 2563 815 2619 et
830 2553 899 2640 ipse
922 2563 1032 2640 poeta:
1056 2549 1173 2619 omnio
1199 2569 1271 2636 poce
1298 2566 1375 2610 seo-

385 2678 430 2722 su
451 2658 635 2723 volventur
655 2665 728 2720 uoto
743 2655 1026 2742 dieraco-pectore
1043 2653 1145 2740 sopito
1164 2647 1272 2714 reddit
1287 2645 1376 2712 omi-

386 2781 425 2824 ca
448 2760 549 2848 poles.
573 2758 636 2826 Sed
658 2757 822 2826 tundimus
845 2780 886 2826 ne
909 2760 1005 2826 etiam
1028 2776 1109 2824 vane
1133 2754 1174 2820 ad
1189 2753 1293 2819 Deum
1309 2768 1373 2836 pn·

383 2854 482 2924 hlicas
504 2859 653 2925 Ecclesiae
677 2861 814 2948 preces?
839 2870 894 2926 aut
916 2879 977 2946 pm
990 2855 1093 2926 ¹nobis
1117 2865 1243 2922 tantum
1259 2849 1370 2915 Sacer-

386 2961 504 3028 dotulis
527 2961 709 3030 funduntur
732 2961 894 3030 infirmis?
919 2983 1027 3030 annon
1050 2967 1083 3028 et
1106 2979 1165 3048 pro
1185 2953 1294 3024 saeculi
1314 2952 1377 3016 ho-

383 3065 526 3132 minihus
548 3067 608 3132 suh
633 3067 699 3132 diei
723 3068 824 3148 exitu,
838 3068 917 3132 hora
941 3067 1080 3132 instante
1096 3061 1227 3140 theatri,
1248 3059 1375 3124 instan-

385 3177 437 3231 ter
459 3167 848 3254 deprecamnrzprocol
867 3171 1019 3234 recedant
1046 3160 1191 3242 somnio,
1219 3173 1250 3227 et
1271 3157 1376 3224 nocti·
1460 3181 1461 3268 p

385 3290 450 3334 eom
471 3269 733 3354 phantesmata,
755 3267 945 3356 hostemque
977 3283 1134 3344 nostrum
1169 3261 1374 3346 comprime,
1460 3287 1461 3290 ¹

385 3391 427 3432 oo
439 3370 641 3454 polluenter
656 3369 811 3455 corporo?
827 3368 951 3438 Siccine
968 3368 1153 3458 comprimis
1165 3366 1300 3442 hostem,
1312 3362 1370 3447 qui
1460 3423 1461 3428 ,

385 3471 509 3536 hostem
532 3469 680 3536 inescasl
703 3471 822 3536 siccine
837 3473 987 3553 amoliris,
1003 3474 1059 3559 qui
1075 3473 1292 3560 phantasmata
1315 3477 1373 3553 per

386 3569 472 3634 diem
496 3589 618 3656 perque
640 3569 758 3656 plateas
775 3571 808 3635 in
825 3583 931 3638 mente
946 3575 1063 3658 pateris
1088 3569 1239 3656 imprimi,
1255 3568 1290 3631 in
1314 3566 1374 3630 lin·
1460 3571 1461 3576 ’

387 3689 450 3756 gua
473 3671 561 3736 velut
584 3671 731 3757 insculpi,
755 3672 789 3735 in
813 3672 1014 3738 sermonibus
1030 3672 1185 3760 exprimi,
1207 3666 1373 3733 cantillans

387 3791 472 3858 saepe
488 3783 520 3838 et
536 3772 745 3838 theatralibus
760 3773 932 3838 intendens
947 3785 1002 3838 aut
1019 3773 1143 3840 casibus
1159 3781 1215 3836 aut
1230 3767 1373 3834 hdihus‘l

387 3871 515 3955 Aardias,
539 3874 656 3940 iterum
680 3873 789 3942 audias
813 3874 1008 3955 Lucretium,
1024 3873 1155 3961 Epicuri
1173 3881 1373 3946 sectatorem,

388 3973 500 4040 codem
524 3973 606 4040 llhro
630 3993 648 4042 a
671 3993 750 4040 vers.
775 3970 878 4055 40573
894 3995 960 4062 qun
983 3975 1054 4044 loco
1071 3975 1116 4044 nil
1133 3984 1192 4057 est,
1208 3973 1253 4040 ait
1278 3965 1373 4036 Croe-
