2908 4962
391 476 448 548 98·
650 499 1113 550 rna.1vsncrroms11c..t
1203 533 1208 544 .

386 597 530 684 quaest
544 582 740 668 secundnm
755 584 956 656 naturalem
973 589 1159 672 unionem,
1172 585 1374 666 anntlzema
1449 577 1450 584 ἵ

384 698 439 766 sit.
467 694 523 766 Sic
551 693 823 790 Chrysostomns
847 693 883 764 in
910 694 976 794 Ep.
1003 693 1045 766 ad
1073 697 1278 770 Caesarium:
1301 706 1373 773 etsa'

385 806 424 876 in
453 799 592 876 Christo
619 799 755 898 duplex
772 816 916 890 neutra,
944 821 1185 880 verumtamen
1213 809 1373 884 indivisi·
1449 859 1450 870 κ

384 913 464 988 bilis
491 916 576 984 unio
604 915 639 983 in
668 937 741 982 una
756 913 947 1006 filiationis
961 941 1112 1011 persana
1130 935 1164 990 et
1180 919 1372 996 subsisten·
1449 907 1450 916 ἵ

319 1071 324 1082 ·
384 1027 433 1095 tia
460 1024 637 1122 reperitur.
663 1022 711 1092 Et
728 1021 938 1106 Athanasius
956 1025 1015 1096 Or.
1035 1027 1058 1096 4
1077 1051 1107 1097 c.
1125 1028 1273 1102 Arianos
1297 1033 1368 1106 ait:

387 1133 549 1208 Christus
574 1147 625 1204 est
652 1130 899 1219 Deus-laomo,
925 1159 1019 1206 unus
1036 1150 1070 1206 et
1087 1135 1194 1222 idem,
1219 1142 1283 1235 qui
1304 1167 1370 1210 nn·

385 1264 417 1320 te
443 1244 575 1320 secula
600 1269 651 1316 ex
676 1244 794 1330 Patre,
811 1259 845 1318 et
862 1248 899 1316 in
917 1246 1051 1320 ultimis
1069 1247 1189 1322 diebus
1207 1276 1259 1321 ear
1280 1252 1364 1326 Vir·

382 1361 464 1456 gine
489 1370 638 1429 exortus
663 1370 723 1427 est
750 1356 897 1428 Sanctus
924 1384 1007 1430 vero
1032 1359 1219 1458 Dionysius
1257 1361 1361 1434 Alex.

384 1471 421 1542 in
447 1471 515 1568 Ep.
541 1465 586 1537 ad
610 1465 705 1538 Paul.
732 1466 1016 1540 Samosatenum:
1043 1473 1221 1568 quomado
1238 1476 1291 1548 ais
1308 1489 1368 1562 tu,

385 1576 570 1654 hominem
596 1600 667 1648 esse
693 1578 874 1648 eximium
903 1575 1099 1667 Christum,
1116 1596 1150 1652 et
1171 1606 1246 1652 nan
1273 1608 1366 1655 mae·

384 1715 424 1761 ra
449 1689 638 1760 Deum...
664 1688 893 1758 incumatum
923 1715 975 1760 ex
1002 1689 1039 1762 S.
1069 1690 1116 1766 V.
1141 1708 1175 1762 et
1207 1694 1366 1790 Deipara

382 1800 534 1875 Maria?
559 1799 621 1868 Vir
646 1808 764 1868 antem
790 1800 1000 1898 apostolicus
1026 1829 1066 1874 ac
1091 1805 1220 1902 praesul
1245 1805 1367 1878 Antio·

383 1913 515 1984 chenus
540 1907 695 2006 Ignatius
721 1906 957 1982 Alexandrino
982 1910 1124 2011 praesuli
1140 1913 1185 1983 ita
1204 1913 1368 2012 praeluse·

382 2039 437 2094 rat
460 2023 527 2121 Ep.
554 2019 598 2090 ad
622 2020 793 2118 Ephesios
823 2024 866 2093 18
893 2023 1030 2121 capite:
1056 2025 1155 2096 Deus
1181 2040 1301 2097 noster
1325 2029 1366 2098 J.

384 2136 423 2208 C.
450 2139 488 2206 in
516 2148 613 2206 utero
638 2147 792 2227 gestatus
817 2149 868 2206 est
893 2161 916 2205 u
943 2136 1063 2208 Maria
1077 2138 1198 2232 jurata
1228 2136 1367 2238 dispen-

382 2249 556 2347 sationem
581 2243 664 2329 Dei,
680 2267 731 2314 eae
748 2247 882 2316 semine
908 2245 1070 2333 Danielis,
1089 2247 1224 2344 Spiritu
1240 2263 1366 2324 autem

309 2427 311 2430 .
383 2356 528 2429 Sancto.
539 2352 654 2425 Latini
670 2353 735 2422 ΡΡ.
754 2352 992 2449 suffragantum
1011 2354 1099 2427 adeo
1118 2373 1156 2428 ut
1169 2382 1252 2428 cum
1269 2359 1367 2430 Grae·

381 2468 431 2541 cis
448 2461 708 2538 substantialem
721 2462 866 2536 credant
883 2465 919 2534 in
938 2465 1076 2540 Christo
1089 2483 1223 2540 naturae
1241 2469 1367 2546 utrius·

381 2603 451 2675 que
464 2574 640 2664 unionem,
648 2572 684 2646 in
696 2573 963 2672 ipsometunam
975 2603 1172 2676 personam,
1180 2605 1365 2672 unumque

381 2684 492 2758 filium
519 2679 645 2754 diserte
672 2679 856 2774 fateantur,
873 2698 977 2780 atque
995 2686 1247 2764 sanctissimam
1265 2687 1366 2758 Chri-

381 2798 425 2869 sti
451 2796 612 2885 Matrem,
627 2793 735 2868 veluti
752 2810 833 2894 post
851 2795 1086 2895 Theophilum
1107 2797 1258 2896 Cyrillns
1276 2815 1365 2872 atte·
1448 2855 1449 2858 ,

380 2924 503 2996 statur,
528 2931 547 2977 a
573 2920 646 2976 tota
672 2915 767 2980 retro
788 2905 993 3001 antiquitate
1012 2905 1172 3003 Deiparae
1188 2903 1290 2978 laude
1308 2932 1365 2979 cu·

378 3015 599 3088 malaverint.
612 3015 633 3086 J
635 3040 695 3084 ure
713 3039 796 3111 ergo
812 3015 1010 3112 meritoque
1027 3013 1225 3086 Nestorium
1244 3040 1363 3114 sparsa

378 3124 537 3196 Ecclesia
563 3149 627 3222 per
654 3123 775 3196 orbem
802 3125 898 3194 etin
927 3122 1091 3196 Conciliis
1117 3125 1264 3196 adunata
1282 3151 1365 3225 pro-

379 3232 529 3330 scripsit,
564 3233 825 3322 exterminavit3
862 3231 948 3330 quin
973 3231 1073 3302 illum
1099 3231 1142 3304 ab
1177 3257 1295 3304 errore
1317 3231 1364 3306 ad

379 3343 535 3413 veritatis
553 3341 672 3412 sedem
690 3367 864 3432 revocare,
881 3339 918 3412 id
935 3340 1062 3414 frustra
1079 3344 1204 3434 conati,
1225 3341 1366 3426 valeant

378 3448 492 3521 David
511 3449 562 3520 ¹do
587 3449 733 3522 Rodone
759 3466 795 3522 et
821 3450 1000 3522 calvinista
1030 3451 1243 3522 Alhertinus

429 3556 533 3630 Prob.
561 3557 598 3629 3⁰
624 3559 826 3652 rationibus,
852 3586 931 3659 quae
958 3577 1086 3660 sponte¹
1110 3574 1300 3658 erumpunt
1316 3583 1365 3630 ex

379 3665 506 3740 divinae
532 3669 721 3766 Scripturae
747 3683 783 3740 et
797 3671 867 3740 ,SS.
892 3668 1282 3761 Patrumtestimoniis.
1301 3667 1368 3766 {Ac

381 3775 419 3844 l⁰
445 3775 684 3874 proprietates,
699 3775 790 3848 illius
816 3778 964 3874 gennuae
990 3778 1027 3848 in
1054 3777 1195 3850 Christo
1225 3773 1362 3848 natnrae

379 3908 443 3982 per
468 3881 675 3958 idiomatum
702 3887 1079 3986 communicationem,
1106 3913 1212 3986 quam
1241 3887 1363 3960 Nesto
