<?xml version="1.0" encoding="UTF-8"?>
<!DOCTYPE html PUBLIC "-//W3C//DTD XHTML 1.0 Transitional//EN"
    "http://www.w3.org/TR/xhtml1/DTD/xhtml1-transitional.dtd">
<html xmlns="http://www.w3.org/1999/xhtml" xml:lang="en" lang="en">
 <head>
  <title>
</title>
<meta http-equiv="Content-Type" content="text/html;charset=utf-8" />
  <meta name='ocr-system' content='tesseract 3.04.00' />
  <meta name='ocr-capabilities' content='ocr_page ocr_carea ocr_par ocr_line ocrx_word'/>
</head>
<body>
  <div class='ocr_page' id='page_1' title='image "./sacrtheologiins00gutigoog_0173.png"; bbox 0 0 2942 4962; ppageno 0'>
   <div class='ocr_carea' id='block_1_1' title="bbox 278 477 1366 2229">
    <p class='ocr_par' dir='ltr' id='par_1_1' title="bbox 278 477 1366 2229">
     <span class='ocr_line' id='line_1_1' title="bbox 383 477 1116 560; baseline -0.008 -2"><span class='ocrx_word' id='word_1_1' title='bbox 383 484 457 560; x_wconf 77' lang='lat' dir='ltr'>tto</span> <span class='ocrx_word' id='word_1_2' title='bbox 635 507 696 556; x_wconf 80' lang='lat' dir='ltr'>tn.</span> <span class='ocrx_word' id='word_1_3' title='bbox 721 481 756 554; x_wconf 72' lang='lat' dir='ltr'>rv&#39;</span> <span class='ocrx_word' id='word_1_4' title='bbox 782 503 951 553; x_wconf 75' lang='lat' dir='ltr'>secuturus</span> <span class='ocrx_word' id='word_1_5' title='bbox 976 506 1011 554; x_wconf 76' lang='grc' dir='ltr'>ιν</span> <span class='ocrx_word' id='word_1_6' title='bbox 1037 506 1067 554; x_wconf 88' lang='lat' dir='ltr'>c.</span> <span class='ocrx_word' id='word_1_7' title='bbox 1093 477 1116 552; x_wconf 85' lang='lat' dir='ltr'>ri</span> 
     </span>
     <span class='ocr_line' id='line_1_2' title="bbox 380 573 1363 693; baseline -0.004 -25"><span class='ocrx_word' id='word_1_8' title='bbox 380 595 457 668; x_wconf 91' lang='lat' dir='ltr'>lum</span> <span class='ocrx_word' id='word_1_9' title='bbox 482 573 610 668; x_wconf 80' lang='lat' dir='ltr'>hahere</span> <span class='ocrx_word' id='word_1_10' title='bbox 635 604 783 693; x_wconf 84' lang='lat' dir='ltr'><strong>possunt</strong></span> <span class='ocrx_word' id='word_1_11' title='bbox 807 587 1047 682; x_wconf 87' lang='lat' dir='ltr'>intellectum,</span> <span class='ocrx_word' id='word_1_12' title='bbox 1073 585 1169 688; x_wconf 91' lang='lat' dir='ltr'>quod</span> <span class='ocrx_word' id='word_1_13' title='bbox 1197 589 1363 666; x_wconf 88' lang='lat' dir='ltr'>videlicet</span> 
     </span>
     <span class='ocr_line' id='line_1_3' title="bbox 380 698 1366 807; baseline -0.001 -29"><span class='ocrx_word' id='word_1_14' title='bbox 380 707 496 807; x_wconf 82' lang='lat' dir='ltr'>passio</span> <span class='ocrx_word' id='word_1_15' title='bbox 522 705 651 777; x_wconf 84' lang='lat' dir='ltr'>Christi</span> <span class='ocrx_word' id='word_1_16' title='bbox 677 727 747 773; x_wconf 74' lang='lat' dir='ltr'>iton</span> <span class='ocrx_word' id='word_1_17' title='bbox 774 714 864 773; x_wconf 90' lang='lat' dir='ltr'>esset</span> <span class='ocrx_word' id='word_1_18' title='bbox 888 698 1060 773; x_wconf 87' lang='lat' dir='ltr'>sufficiens</span> <span class='ocrx_word' id='word_1_19' title='bbox 1085 698 1129 772; x_wconf 88' lang='lat' dir='ltr'>ad</span> <span class='ocrx_word' id='word_1_20' title='bbox 1153 699 1366 803; x_wconf 90' lang='lat' dir='ltr'>redemptio·</span> 
     </span>
     <span class='ocr_line' id='line_1_4' title="bbox 379 809 1363 910; baseline -0.005 -25"><span class='ocrx_word' id='word_1_21' title='bbox 379 840 474 907; x_wconf 81' lang='lat' dir='ltr'>nem3</span> <span class='ocrx_word' id='word_1_22' title='bbox 501 813 562 888; x_wconf 88' lang='lat' dir='ltr'>sed</span> <span class='ocrx_word' id='word_1_23' title='bbox 576 811 645 886; x_wconf 81' lang='lat' dir='ltr'>hoc</span> <span class='ocrx_word' id='word_1_24' title='bbox 662 825 713 884; x_wconf 82' lang='lat' dir='ltr'>est</span> <span class='ocrx_word' id='word_1_25' title='bbox 728 809 948 896; x_wconf 56' lang='lat' dir='ltr'>macutum,</span> <span class='ocrx_word' id='word_1_26' title='bbox 965 810 1045 907; x_wconf 90' lang='lat' dir='ltr'>quia</span> <span class='ocrx_word' id='word_1_27' title='bbox 1062 809 1193 882; x_wconf 83' lang='lat' dir='ltr'>Christi</span> <span class='ocrx_word' id='word_1_28' title='bbox 1209 813 1363 910; x_wconf 83' lang='lat' dir='ltr'>sanguis,</span> 
     </span>
     <span class='ocr_line' id='line_1_5' title="bbox 381 918 1365 1022; baseline -0.002 -26"><span class='ocrx_word' id='word_1_29' title='bbox 381 923 508 1022; x_wconf 88' lang='lat' dir='ltr'>inquit,</span> <span class='ocrx_word' id='word_1_30' title='bbox 533 919 578 996; x_wconf 89' lang='lat' dir='ltr'>ad</span> <span class='ocrx_word' id='word_1_31' title='bbox 602 919 884 1019; x_wconf 81' lang='lat' dir='ltr'>redemptionem</span> <span class='ocrx_word' id='word_1_32' title='bbox 908 918 1103 991; x_wconf 88' lang='lat' dir='ltr'>maltorum</span> <span class='ocrx_word' id='word_1_33' title='bbox 1129 920 1233 992; x_wconf 84' lang='lat' dir='ltr'>etiam</span> <span class='ocrx_word' id='word_1_34' title='bbox 1258 948 1365 994; x_wconf 92' lang='lat' dir='ltr'>mun-</span> 
     </span>
     <span class='ocr_line' id='line_1_6' title="bbox 383 1029 1365 1132; baseline -0.001 -27"><span class='ocrx_word' id='word_1_35' title='bbox 383 1033 511 1108; x_wconf 87' lang='lat' dir='ltr'>dorum</span> <span class='ocrx_word' id='word_1_36' title='bbox 537 1031 710 1106; x_wconf 88' lang='lat' dir='ltr'>sufficiens</span> <span class='ocrx_word' id='word_1_37' title='bbox 736 1043 798 1102; x_wconf 89' lang='lat' dir='ltr'>est</span> <span class='ocrx_word' id='word_1_38' title='bbox 823 1029 946 1128; x_wconf 88' lang='lat' dir='ltr'>Itaque</span> <span class='ocrx_word' id='word_1_39' title='bbox 963 1055 1007 1101; x_wconf 88' lang='lat' dir='ltr'>ex</span> <span class='ocrx_word' id='word_1_40' title='bbox 1024 1029 1149 1102; x_wconf 91' lang='lat' dir='ltr'>eodem</span> <span class='ocrx_word' id='word_1_41' title='bbox 1165 1031 1365 1132; x_wconf 88' lang='lat' dir='ltr'>Praecepto-</span> 
     </span>
     <span class='ocr_line' id='line_1_7' title="bbox 379 1139 1363 1245; baseline -0.001 -29"><span class='ocrx_word' id='word_1_42' title='bbox 379 1171 430 1237; x_wconf 89' lang='lat' dir='ltr'>re,</span> <span class='ocrx_word' id='word_1_43' title='bbox 455 1144 539 1218; x_wconf 87' lang='lat' dir='ltr'>licet</span> <span class='ocrx_word' id='word_1_44' title='bbox 563 1145 678 1245; x_wconf 82' lang='lat' dir='ltr'>passio</span> <span class='ocrx_word' id='word_1_45' title='bbox 702 1157 773 1213; x_wconf 90' lang='lat' dir='ltr'>aut·</span> <span class='ocrx_word' id='word_1_46' title='bbox 789 1139 976 1214; x_wconf 82' lang='lat' dir='ltr'>satisfactio</span> <span class='ocrx_word' id='word_1_47' title='bbox 998 1141 1129 1214; x_wconf 87' lang='lat' dir='ltr'>Christi</span> <span class='ocrx_word' id='word_1_48' title='bbox 1147 1141 1306 1215; x_wconf 91' lang='lat' dir='ltr'>fueritin</span> <span class='ocrx_word' id='word_1_49' title='bbox 1323 1169 1363 1215; x_wconf 92' lang='lat' dir='ltr'>se</span> 
     </span>
     <span class='ocr_line' id='line_1_8' title="bbox 377 1246 1364 1352; baseline -0.002 -28"><span class='ocrx_word' id='word_1_50' title='bbox 377 1251 554 1352; x_wconf 86' lang='lat' dir='ltr'>completa</span> <span class='ocrx_word' id='word_1_51' title='bbox 581 1265 618 1322; x_wconf 91' lang='lat' dir='ltr'>et</span> <span class='ocrx_word' id='word_1_52' title='bbox 646 1246 943 1348; x_wconf 73' lang='lat' dir='ltr'>superabundans,</span> <span class='ocrx_word' id='word_1_53' title='bbox 968 1265 1008 1320; x_wconf 89' lang='lat' dir='ltr'>ot</span> <span class='ocrx_word' id='word_1_54' title='bbox 1033 1250 1067 1320; x_wconf 93' lang='lat' dir='ltr'>S.</span> <span class='ocrx_word' id='word_1_55' title='bbox 1093 1249 1201 1324; x_wconf 88' lang='lat' dir='ltr'>etiam</span> <span class='ocrx_word' id='word_1_56' title='bbox 1217 1251 1364 1323; x_wconf 88' lang='lat' dir='ltr'>Bernar-</span> 
     </span>
     <span class='ocr_line' id='line_1_9' title="bbox 382 1358 1364 1434; baseline 0.002 -2"><span class='ocrx_word' id='word_1_57' title='bbox 382 1358 448 1433; x_wconf 91' lang='lat' dir='ltr'>dus</span> <span class='ocrx_word' id='word_1_58' title='bbox 473 1358 593 1433; x_wconf 83' lang='lat' dir='ltr'>scribit</span> <span class='ocrx_word' id='word_1_59' title='bbox 618 1374 654 1431; x_wconf 91' lang='lat' dir='ltr'>et</span> <span class='ocrx_word' id='word_1_60' title='bbox 678 1360 804 1432; x_wconf 88' lang='lat' dir='ltr'>Petrus</span> <span class='ocrx_word' id='word_1_61' title='bbox 837 1358 1095 1433; x_wconf 90' lang='lat' dir='ltr'>Cluniacensis:</span> <span class='ocrx_word' id='word_1_62' title='bbox 1125 1385 1208 1433; x_wconf 90' lang='lat' dir='ltr'>cum</span> <span class='ocrx_word' id='word_1_63' title='bbox 1242 1377 1364 1434; x_wconf 89' lang='lat' dir='ltr'>tamen</span> 
     </span>
     <span class='ocr_line' id='line_1_10' title="bbox 380 1466 1364 1570; baseline -0.001 -28"><span class='ocrx_word' id='word_1_64' title='bbox 380 1469 476 1542; x_wconf 90' lang='lat' dir='ltr'>Deus</span> <span class='ocrx_word' id='word_1_65' title='bbox 501 1493 591 1563; x_wconf 87' lang='lat' dir='ltr'>eam,</span> <span class='ocrx_word' id='word_1_66' title='bbox 608 1466 724 1568; x_wconf 88' lang='lat' dir='ltr'>quoad</span> <span class='ocrx_word' id='word_1_67' title='bbox 740 1466 898 1568; x_wconf 86' lang='lat' dir='ltr'>ejusdem</span> <span class='ocrx_word' id='word_1_68' title='bbox 922 1495 988 1570; x_wconf 91' lang='lat' dir='ltr'>pro</span> <span class='ocrx_word' id='word_1_69' title='bbox 1013 1469 1113 1542; x_wconf 92' lang='lat' dir='ltr'>nobis</span> <span class='ocrx_word' id='word_1_70' title='bbox 1139 1468 1272 1563; x_wconf 87' lang='lat' dir='ltr'>effecta,</span> <span class='ocrx_word' id='word_1_71' title='bbox 1288 1496 1364 1543; x_wconf 90' lang='lat' dir='ltr'>non</span> 
     </span>
     <span class='ocr_line' id='line_1_11' title="bbox 380 1579 1364 1682; baseline -0.001 -28"><span class='ocrx_word' id='word_1_72' title='bbox 380 1579 480 1654; x_wconf 88' lang='lat' dir='ltr'>aliter</span> <span class='ocrx_word' id='word_1_73' title='bbox 497 1581 741 1681; x_wconf 84' lang='lat' dir='ltr'>acceptaverit,</span> <span class='ocrx_word' id='word_1_74' title='bbox 756 1604 824 1652; x_wconf 88' lang='lat' dir='ltr'>nec</span> <span class='ocrx_word' id='word_1_75' title='bbox 841 1605 919 1652; x_wconf 92' lang='lat' dir='ltr'>eam</span> <span class='ocrx_word' id='word_1_76' title='bbox 936 1580 1095 1652; x_wconf 88' lang='lat' dir='ltr'>Christus</span> <span class='ocrx_word' id='word_1_77' title='bbox 1112 1581 1286 1682; x_wconf 85' lang='lat' dir='ltr'>acceptari</span> <span class='ocrx_word' id='word_1_78' title='bbox 1303 1606 1364 1656; x_wconf 89' lang='lat' dir='ltr'>vo-</span> 
     </span>
     <span class='ocr_line' id='line_1_12' title="bbox 378 1688 1364 1792; baseline 0.002 -30"><span class='ocrx_word' id='word_1_79' title='bbox 378 1689 493 1786; x_wconf 88' lang='lat' dir='ltr'>luerit,</span> <span class='ocrx_word' id='word_1_80' title='bbox 518 1716 624 1790; x_wconf 91' lang='lat' dir='ltr'>quam</span> <span class='ocrx_word' id='word_1_81' title='bbox 650 1690 714 1762; x_wconf 92' lang='lat' dir='ltr'>sub</span> <span class='ocrx_word' id='word_1_82' title='bbox 740 1688 939 1763; x_wconf 87' lang='lat' dir='ltr'>conditione</span> <span class='ocrx_word' id='word_1_83' title='bbox 966 1690 1208 1792; x_wconf 65' lang='lat' dir='ltr'>applicationis</span> <span class='ocrx_word' id='word_1_84' title='bbox 1225 1716 1364 1765; x_wconf 88' lang='lat' dir='ltr'>eorum·</span> 
     </span>
     <span class='ocr_line' id='line_1_13' title="bbox 377 1799 1363 1904; baseline -0.001 -29"><span class='ocrx_word' id='word_1_85' title='bbox 377 1799 461 1876; x_wconf 88' lang='lat' dir='ltr'>dem</span> <span class='ocrx_word' id='word_1_86' title='bbox 486 1799 652 1904; x_wconf 78' lang='lat' dir='ltr'>faciendae</span> <span class='ocrx_word' id='word_1_87' title='bbox 677 1800 778 1873; x_wconf 89' lang='lat' dir='ltr'>nobis</span> <span class='ocrx_word' id='word_1_88' title='bbox 803 1826 866 1901; x_wconf 88' lang='lat' dir='ltr'>per</span> <span class='ocrx_word' id='word_1_89' title='bbox 891 1799 982 1874; x_wconf 89' lang='lat' dir='ltr'>hona</span> <span class='ocrx_word' id='word_1_90' title='bbox 1008 1817 1129 1874; x_wconf 88' lang='lat' dir='ltr'>nostra</span> <span class='ocrx_word' id='word_1_91' title='bbox 1150 1825 1270 1902; x_wconf 86' lang='lat' dir='ltr'>opera,</span> <span class='ocrx_word' id='word_1_92' title='bbox 1293 1827 1363 1902; x_wconf 88' lang='lat' dir='ltr'>per</span> 
     </span>
     <span class='ocr_line' id='line_1_14' title="bbox 380 1911 1363 2013; baseline 0.001 -26"><span class='ocrx_word' id='word_1_93' title='bbox 380 1916 528 2013; x_wconf 80' lang='lat' dir='ltr'>gratiam</span> <span class='ocrx_word' id='word_1_94' title='bbox 556 1912 741 1987; x_wconf 81' lang='lat' dir='ltr'>salvatoris</span> <span class='ocrx_word' id='word_1_95' title='bbox 768 1911 892 2004; x_wconf 85' lang='lat' dir='ltr'>elicita3</span> <span class='ocrx_word' id='word_1_96' title='bbox 918 1938 1101 1986; x_wconf 88' lang='lat' dir='ltr'>necessum</span> <span class='ocrx_word' id='word_1_97' title='bbox 1126 1929 1202 2006; x_wconf 90' lang='lat' dir='ltr'>est,</span> <span class='ocrx_word' id='word_1_98' title='bbox 1227 1931 1268 1988; x_wconf 90' lang='lat' dir='ltr'>ut</span> <span class='ocrx_word' id='word_1_99' title='bbox 1293 1915 1363 1988; x_wconf 91' lang='lat' dir='ltr'>sin·</span> 
     </span>
     <span class='ocr_line' id='line_1_15' title="bbox 278 2018 1362 2121; baseline 0 -27"><span class='ocrx_word' id='word_1_100' title='bbox 278 2030 281 2044; x_wconf 88' lang='lat'>&#39;</span> <span class='ocrx_word' id='word_1_101' title='bbox 378 2020 469 2119; x_wconf 84' lang='lat' dir='ltr'>gulis</span> <span class='ocrx_word' id='word_1_102' title='bbox 495 2021 624 2093; x_wconf 87' lang='lat' dir='ltr'>Christi</span> <span class='ocrx_word' id='word_1_103' title='bbox 648 2018 817 2092; x_wconf 85' lang='lat' dir='ltr'>memhris</span> <span class='ocrx_word' id='word_1_104' title='bbox 842 2020 1061 2121; x_wconf 84' lang='lat' dir='ltr'>applicentur</span> <span class='ocrx_word' id='word_1_105' title='bbox 1085 2037 1186 2115; x_wconf 90' lang='lat' dir='ltr'>actu,</span> <span class='ocrx_word' id='word_1_106' title='bbox 1210 2020 1362 2121; x_wconf 85' lang='lat' dir='ltr'>ideoque</span> 
     </span>
     <span class='ocr_line' id='line_1_16' title="bbox 318 2129 1361 2229; baseline 0.003 -27"><span class='ocrx_word' id='word_1_107' title='bbox 318 2142 329 2162; x_wconf 88' lang='lat'><strong><em>‘</em></strong></span> <span class='ocrx_word' id='word_1_108' title='bbox 376 2131 487 2204; x_wconf 88' lang='lat' dir='ltr'>multa</span> <span class='ocrx_word' id='word_1_109' title='bbox 512 2131 625 2223; x_wconf 91' lang='lat' dir='ltr'>nohis,</span> <span class='ocrx_word' id='word_1_110' title='bbox 651 2129 820 2229; x_wconf 91' lang='lat' dir='ltr'>quidquid</span> <span class='ocrx_word' id='word_1_111' title='bbox 846 2131 1043 2205; x_wconf 82' lang='lat' dir='ltr'>Calvinistae</span> <span class='ocrx_word' id='word_1_112' title='bbox 1069 2147 1253 2208; x_wconf 86' lang='lat' dir='ltr'>novatores</span> <span class='ocrx_word' id='word_1_113' title='bbox 1278 2133 1361 2206; x_wconf 84' lang='lat' dir='ltr'>eifu-</span> 
     </span>
    </p>
   </div>
   <div class='ocr_carea' id='block_1_2' title="bbox 322 2349 1363 2890">
    <p class='ocr_par' dir='ltr' id='par_1_2' title="bbox 322 2349 1363 2784">
     <span class='ocr_line' id='line_1_17' title="bbox 375 2349 1362 2456; baseline 0.006 -35"><span class='ocrx_word' id='word_1_114' title='bbox 375 2365 476 2450; x_wconf 88' lang='lat' dir='ltr'>parte</span> <span class='ocrx_word' id='word_1_115' title='bbox 501 2351 555 2422; x_wconf 88' lang='lat' dir='ltr'>sui</span> <span class='ocrx_word' id='word_1_116' title='bbox 580 2349 708 2423; x_wconf 90' lang='lat' dir='ltr'>Paulus</span> <span class='ocrx_word' id='word_1_117' title='bbox 726 2375 785 2422; x_wconf 90' lang='lat' dir='ltr'>sua</span> <span class='ocrx_word' id='word_1_118' title='bbox 803 2352 841 2421; x_wconf 88' lang='lat' dir='ltr'>in</span> <span class='ocrx_word' id='word_1_119' title='bbox 858 2375 961 2423; x_wconf 85' lang='lat' dir='ltr'>carne</span> <span class='ocrx_word' id='word_1_120' title='bbox 978 2350 1193 2453; x_wconf 89' lang='lat' dir='ltr'>adimplebat</span> <span class='ocrx_word' id='word_1_121' title='bbox 1209 2378 1274 2455; x_wconf 87' lang='lat' dir='ltr'>per</span> <span class='ocrx_word' id='word_1_122' title='bbox 1289 2355 1362 2456; x_wconf 82' lang='lat' dir='ltr'>pri·</span> 
     </span>
     <span class='ocr_line' id='line_1_18' title="bbox 322 2460 1363 2563; baseline 0.004 -29"><span class='ocrx_word' id='word_1_123' title='bbox 322 2531 324 2534; x_wconf 83' lang='lat'>.</span> <span class='ocrx_word' id='word_1_124' title='bbox 376 2475 473 2534; x_wconf 84' lang='lat' dir='ltr'>vetas</span> <span class='ocrx_word' id='word_1_125' title='bbox 503 2460 755 2533; x_wconf 80' lang='lat' dir='ltr'>satisfactiones</span> <span class='ocrx_word' id='word_1_126' title='bbox 789 2477 826 2533; x_wconf 89' lang='lat' dir='ltr'>et</span> <span class='ocrx_word' id='word_1_127' title='bbox 859 2463 1132 2536; x_wconf 88' lang='lat' dir='ltr'>exercitamenta</span> <span class='ocrx_word' id='word_1_128' title='bbox 1166 2466 1363 2563; x_wconf 73' lang='lat' dir='ltr'>tirtutum,</span> 
     </span>
     <span class='ocr_line' id='line_1_19' title="bbox 374 2565 1361 2670; baseline 0.005 -28"><span class='ocrx_word' id='word_1_129' title='bbox 374 2565 501 2668; x_wconf 90' lang='lat' dir='ltr'>quibus</span> <span class='ocrx_word' id='word_1_130' title='bbox 526 2568 711 2658; x_wconf 86' lang='lat' dir='ltr'>satisfactio</span> <span class='ocrx_word' id='word_1_131' title='bbox 727 2567 759 2641; x_wconf 87' lang='lat' dir='ltr'>J.</span> <span class='ocrx_word' id='word_1_132' title='bbox 777 2570 817 2643; x_wconf 84' lang='lat' dir='ltr'>C.</span> <span class='ocrx_word' id='word_1_133' title='bbox 834 2569 987 2670; x_wconf 91' lang='lat' dir='ltr'>pretium</span> <span class='ocrx_word' id='word_1_134' title='bbox 1004 2569 1093 2644; x_wconf 91' lang='lat' dir='ltr'>indit</span> <span class='ocrx_word' id='word_1_135' title='bbox 1109 2598 1151 2646; x_wconf 86' lang='lat' dir='ltr'>ac</span> <span class='ocrx_word' id='word_1_136' title='bbox 1167 2573 1334 2646; x_wconf 89' lang='lat' dir='ltr'>meritum</span> <span class='ocrx_word' id='word_1_137' title='bbox 1348 2601 1361 2667; x_wconf 90' lang='lat'>;</span> 
     </span>
     <span class='ocr_line' id='line_1_20' title="bbox 379 2679 1362 2784; baseline 0.004 -32"><span class='ocrx_word' id='word_1_138' title='bbox 379 2681 468 2753; x_wconf 89' lang='lat' dir='ltr'>sicut</span> <span class='ocrx_word' id='word_1_139' title='bbox 494 2681 582 2754; x_wconf 90' lang='lat' dir='ltr'>Sess.</span> <span class='ocrx_word' id='word_1_140' title='bbox 610 2681 658 2772; x_wconf 72' lang='grc'>14</span> <span class='ocrx_word' id='word_1_141' title='bbox 683 2683 802 2782; x_wconf 78' lang='lat' dir='ltr'>capii</span> <span class='ocrx_word' id='word_1_142' title='bbox 827 2679 894 2754; x_wconf 90' lang='grc' dir='ltr'>ΡΡ.</span> <span class='ocrx_word' id='word_1_143' title='bbox 911 2680 1110 2755; x_wconf 85' lang='lat' dir='ltr'>Tridentini</span> <span class='ocrx_word' id='word_1_144' title='bbox 1136 2682 1362 2784; x_wconf 87' lang='lat' dir='ltr'>perlustrant.</span> 
     </span>
    </p>

    <p class='ocr_par' dir='ltr' id='par_1_3' title="bbox 425 2787 1362 2890">
     <span class='ocr_line' id='line_1_21' title="bbox 425 2787 1362 2890; baseline 0.003 -30"><span class='ocrx_word' id='word_1_145' title='bbox 425 2788 529 2861; x_wconf 87' lang='lat' dir='ltr'>Dices</span> <span class='ocrx_word' id='word_1_146' title='bbox 553 2787 689 2862; x_wconf 85' lang='lat' dir='ltr'>ultimo.</span> <span class='ocrx_word' id='word_1_147' title='bbox 707 2789 867 2863; x_wconf 88' lang='lat' dir='ltr'>Christus</span> <span class='ocrx_word' id='word_1_148' title='bbox 892 2789 1057 2864; x_wconf 90' lang='lat' dir='ltr'>satisfecit</span> <span class='ocrx_word' id='word_1_149' title='bbox 1081 2791 1307 2890; x_wconf 87' lang='lat' dir='ltr'>inquantum</span> <span class='ocrx_word' id='word_1_150' title='bbox 1324 2817 1362 2863; x_wconf 87' lang='lat' dir='ltr'>e·</span> 
     </span>
    </p>
   </div>
   <div class='ocr_carea' id='block_1_3' title="bbox 375 2899 1458 3001">
    <p class='ocr_par' dir='ltr' id='par_1_4' title="bbox 375 2899 1458 3001">
     <span class='ocr_line' id='line_1_22' title="bbox 375 2899 1458 3001; baseline 0.002 -29"><span class='ocrx_word' id='word_1_151' title='bbox 375 2915 431 2972; x_wconf 90' lang='lat' dir='ltr'>rat</span> <span class='ocrx_word' id='word_1_152' title='bbox 454 2901 584 2974; x_wconf 90' lang='lat' dir='ltr'>homo:</span> <span class='ocrx_word' id='word_1_153' title='bbox 611 2899 728 2974; x_wconf 90' lang='lat' dir='ltr'>omnia</span> <span class='ocrx_word' id='word_1_154' title='bbox 753 2917 884 2993; x_wconf 85' lang='lat' dir='ltr'>autem,</span> <span class='ocrx_word' id='word_1_155' title='bbox 906 2927 985 3001; x_wconf 79' lang='lat' dir='ltr'>quae</span> <span class='ocrx_word' id='word_1_156' title='bbox 1003 2901 1163 2975; x_wconf 89' lang='lat' dir='ltr'>Christus</span> <span class='ocrx_word' id='word_1_157' title='bbox 1181 2899 1302 2975; x_wconf 86' lang='lat' dir='ltr'>hahuit</span> <span class='ocrx_word' id='word_1_158' title='bbox 1318 2918 1362 2974; x_wconf 90' lang='lat' dir='ltr'>ot</span> <span class='ocrx_word' id='word_1_159' title='bbox 1457 2981 1458 2984; x_wconf 8' lang='grc' dir='ltr'><strong>Ἴ</strong></span> 
     </span>
    </p>
   </div>
   <div class='ocr_carea' id='block_1_4' title="bbox 363 3009 1360 3105">
    <p class='ocr_par' dir='ltr' id='par_1_5' title="bbox 363 3009 1360 3105">
     <span class='ocr_line' id='line_1_23' title="bbox 363 3009 1360 3105; baseline -0.003 -18"><span class='ocrx_word' id='word_1_160' title='bbox 363 3013 496 3105; x_wconf 82' lang='lat' dir='ltr'>homo,</span> <span class='ocrx_word' id='word_1_161' title='bbox 520 3026 619 3085; x_wconf 89' lang='lat' dir='ltr'>erant</span> <span class='ocrx_word' id='word_1_162' title='bbox 643 3009 708 3085; x_wconf 92' lang='lat' dir='ltr'>sub</span> <span class='ocrx_word' id='word_1_163' title='bbox 724 3011 791 3086; x_wconf 86' lang='lat' dir='ltr'>Dei</span> <span class='ocrx_word' id='word_1_164' title='bbox 808 3009 963 3086; x_wconf 90' lang='lat' dir='ltr'>dominio</span> <span class='ocrx_word' id='word_1_165' title='bbox 988 3037 1030 3084; x_wconf 90' lang='lat' dir='ltr'>ac</span> <span class='ocrx_word' id='word_1_166' title='bbox 1045 3011 1121 3086; x_wconf 93' lang='lat' dir='ltr'>Deo</span> <span class='ocrx_word' id='word_1_167' title='bbox 1139 3011 1265 3086; x_wconf 90' lang='lat' dir='ltr'>debita:</span> <span class='ocrx_word' id='word_1_168' title='bbox 1284 3037 1360 3084; x_wconf 89' lang='lat' dir='ltr'>non</span> 
     </span>
    </p>
   </div>
   <div class='ocr_carea' id='block_1_5' title="bbox 377 3118 1458 3218">
    <p class='ocr_par' dir='ltr' id='par_1_6' title="bbox 377 3118 1458 3218">
     <span class='ocr_line' id='line_1_24' title="bbox 377 3118 1458 3218; baseline -0.006 -27"><span class='ocrx_word' id='word_1_169' title='bbox 377 3141 461 3218; x_wconf 81' lang='lat' dir='ltr'>ergo</span> <span class='ocrx_word' id='word_1_170' title='bbox 486 3118 653 3194; x_wconf 84' lang='lat' dir='ltr'>satisfecit</span> <span class='ocrx_word' id='word_1_171' title='bbox 676 3143 728 3193; x_wconf 72' lang='lat' dir='ltr'>ex</span> <span class='ocrx_word' id='word_1_172' title='bbox 746 3123 900 3218; x_wconf 80' lang='lat' dir='ltr'>propriis</span> <span class='ocrx_word' id='word_1_173' title='bbox 925 3118 1026 3193; x_wconf 88' lang='lat' dir='ltr'>bonis</span> <span class='ocrx_word' id='word_1_174' title='bbox 1043 3137 1079 3193; x_wconf 86' lang='lat' dir='ltr'>et</span> <span class='ocrx_word' id='word_1_175' title='bbox 1096 3119 1267 3194; x_wconf 81' lang='lat' dir='ltr'>indebitis.</span> <span class='ocrx_word' id='word_1_176' title='bbox 1292 3121 1360 3192; x_wconf 85' lang='lat' dir='ltr'>Vel</span> <span class='ocrx_word' id='word_1_177' title='bbox 1457 3125 1458 3184; x_wconf 73' lang='grc' dir='ltr'>Ξ</span> 
     </span>
    </p>
   </div>
   <div class='ocr_carea' id='block_1_6' title="bbox 376 3225 1362 3323">
    <p class='ocr_par' dir='ltr' id='par_1_7' title="bbox 376 3225 1362 3323">
     <span class='ocr_line' id='line_1_25' title="bbox 376 3225 1362 3323; baseline 0.002 -27"><span class='ocrx_word' id='word_1_178' title='bbox 376 3226 405 3296; x_wconf 85' lang='lat' dir='ltr'>si</span> <span class='ocrx_word' id='word_1_179' title='bbox 429 3251 500 3300; x_wconf 87' lang='lat' dir='ltr'>non</span> <span class='ocrx_word' id='word_1_180' title='bbox 526 3225 691 3300; x_wconf 85' lang='lat' dir='ltr'>satisfecit</span> <span class='ocrx_word' id='word_1_181' title='bbox 716 3240 757 3296; x_wconf 92' lang='lat' dir='ltr'>ut</span> <span class='ocrx_word' id='word_1_182' title='bbox 781 3228 899 3317; x_wconf 86' lang='lat' dir='ltr'>homo,</span> <span class='ocrx_word' id='word_1_183' title='bbox 924 3226 1032 3323; x_wconf 90' lang='lat' dir='ltr'>igitur</span> <span class='ocrx_word' id='word_1_184' title='bbox 1049 3243 1089 3299; x_wconf 91' lang='lat' dir='ltr'>ut</span> <span class='ocrx_word' id='word_1_185' title='bbox 1105 3227 1200 3298; x_wconf 86' lang='lat' dir='ltr'>Deus</span> <span class='ocrx_word' id='word_1_186' title='bbox 1217 3227 1293 3298; x_wconf 92' lang='lat' dir='ltr'>Deo</span> <span class='ocrx_word' id='word_1_187' title='bbox 1311 3245 1362 3298; x_wconf 85' lang='lat' dir='ltr'>sa·</span> 
     </span>
    </p>
   </div>
   <div class='ocr_carea' id='block_1_7' title="bbox 374 3329 1458 3433">
    <p class='ocr_par' dir='ltr' id='par_1_8' title="bbox 374 3329 1458 3433">
     <span class='ocr_line' id='line_1_26' title="bbox 374 3329 1458 3433; baseline 0.005 -31"><span class='ocrx_word' id='word_1_188' title='bbox 374 3329 523 3406; x_wconf 86' lang='lat' dir='ltr'>tisfecit:</span> <span class='ocrx_word' id='word_1_189' title='bbox 549 3357 635 3430; x_wconf 83' lang='lat' dir='ltr'>ergo</span> <span class='ocrx_word' id='word_1_190' title='bbox 660 3334 734 3433; x_wconf 87' lang='lat' dir='ltr'>ejus</span> <span class='ocrx_word' id='word_1_191' title='bbox 750 3331 939 3406; x_wconf 90' lang='lat' dir='ltr'>satisfactio</span> <span class='ocrx_word' id='word_1_192' title='bbox 955 3358 1027 3405; x_wconf 90' lang='lat' dir='ltr'>non</span> <span class='ocrx_word' id='word_1_193' title='bbox 1045 3333 1113 3406; x_wconf 92' lang='lat' dir='ltr'>fuit</span> <span class='ocrx_word' id='word_1_194' title='bbox 1128 3333 1177 3406; x_wconf 86' lang='lat' dir='ltr'>ad</span> <span class='ocrx_word' id='word_1_195' title='bbox 1190 3333 1362 3420; x_wconf 80' lang='lat' dir='ltr'>alterum,</span> <span class='ocrx_word' id='word_1_196' title='bbox 1457 3343 1458 3366; x_wconf 77' lang='lat'><em>³</em></span> 
     </span>
    </p>
   </div>
   <div class='ocr_carea' id='block_1_8' title="bbox 373 3439 1360 3764">
    <p class='ocr_par' dir='ltr' id='par_1_9' title="bbox 373 3439 1360 3764">
     <span class='ocr_line' id='line_1_27' title="bbox 374 3439 1360 3544; baseline 0.002 -30"><span class='ocrx_word' id='word_1_197' title='bbox 374 3439 437 3514; x_wconf 86' lang='lat' dir='ltr'>sad</span> <span class='ocrx_word' id='word_1_198' title='bbox 462 3442 505 3516; x_wconf 90' lang='lat' dir='ltr'>ad</span> <span class='ocrx_word' id='word_1_199' title='bbox 523 3443 649 3544; x_wconf 88' lang='lat' dir='ltr'>ipsum.</span> <span class='ocrx_word' id='word_1_200' title='bbox 666 3443 820 3539; x_wconf 83' lang='lat' dir='ltr'>Fugiens</span> <span class='ocrx_word' id='word_1_201' title='bbox 832 3441 986 3535; x_wconf 91' lang='lat' dir='ltr'>fumum,</span> <span class='ocrx_word' id='word_1_202' title='bbox 1003 3443 1150 3514; x_wconf 88' lang='lat' dir='ltr'>offendis</span> <span class='ocrx_word' id='word_1_203' title='bbox 1171 3445 1207 3514; x_wconf 94' lang='lat' dir='ltr'>in</span> <span class='ocrx_word' id='word_1_204' title='bbox 1225 3444 1360 3540; x_wconf 82' lang='lat' dir='ltr'>ignem.</span> 
     </span>
     <span class='ocr_line' id='line_1_28' title="bbox 373 3526 1353 3652; baseline 0 -28"><span class='ocrx_word' id='word_1_205' title='bbox 373 3526 417 3648; x_wconf 52' lang='lat' dir='ltr'>C.</span> <span class='ocrx_word' id='word_1_206' title='bbox 442 3551 575 3624; x_wconf 84' lang='lat' dir='ltr'>Fumus</span> <span class='ocrx_word' id='word_1_207' title='bbox 599 3569 635 3625; x_wconf 85' lang='lat' dir='ltr'>et</span> <span class='ocrx_word' id='word_1_208' title='bbox 652 3553 742 3652; x_wconf 85' lang='lat' dir='ltr'>ignis</span> <span class='ocrx_word' id='word_1_209' title='bbox 759 3550 896 3644; x_wconf 88' lang='lat' dir='ltr'>obsunt,</span> <span class='ocrx_word' id='word_1_210' title='bbox 914 3579 954 3625; x_wconf 90' lang='lat' dir='ltr'>ac</span> <span class='ocrx_word' id='word_1_211' title='bbox 972 3556 1088 3626; x_wconf 91' lang='lat' dir='ltr'>omnis</span> <span class='ocrx_word' id='word_1_212' title='bbox 1106 3554 1279 3628; x_wconf 89' lang='lat' dir='ltr'>evanescit</span> <span class='ocrx_word' id='word_1_213' title='bbox 1297 3579 1353 3626; x_wconf 88' lang='lat' dir='ltr'>ca-</span> 
     </span>
     <span class='ocr_line' id='line_1_29' title="bbox 373 3660 1352 3764; baseline 0.004 -30"><span class='ocrx_word' id='word_1_214' title='bbox 373 3661 445 3762; x_wconf 87' lang='lat' dir='ltr'>iigo</span> <span class='ocrx_word' id='word_1_215' title='bbox 470 3660 691 3756; x_wconf 77' lang='lat' dir='ltr'>dificultatis,</span> <span class='ocrx_word' id='word_1_216' title='bbox 716 3663 744 3734; x_wconf 92' lang='lat' dir='ltr'>si</span> <span class='ocrx_word' id='word_1_217' title='bbox 769 3663 815 3734; x_wconf 91' lang='lat' dir='ltr'>ad</span> <span class='ocrx_word' id='word_1_218' title='bbox 839 3681 1028 3763; x_wconf 89' lang='lat' dir='ltr'>utrumque</span> <span class='ocrx_word' id='word_1_219' title='bbox 1054 3666 1102 3737; x_wconf 87' lang='lat' dir='ltr'>ita</span> <span class='ocrx_word' id='word_1_220' title='bbox 1136 3663 1352 3764; x_wconf 84' lang='lat' dir='ltr'>distinguas:</span> 
     </span>
    </p>
   </div>
   <div class='ocr_carea' id='block_1_9' title="bbox 375 3774 1428 3869">
    <p class='ocr_par' dir='ltr' id='par_1_10' title="bbox 375 3774 1428 3869">
     <span class='ocr_line' id='line_1_30' title="bbox 375 3774 1428 3869; baseline 0.002 -21"><span class='ocrx_word' id='word_1_221' title='bbox 375 3776 534 3850; x_wconf 90' lang='lat' dir='ltr'>Christus</span> <span class='ocrx_word' id='word_1_222' title='bbox 561 3774 724 3849; x_wconf 87' lang='lat' dir='ltr'>satisfecit</span> <span class='ocrx_word' id='word_1_223' title='bbox 749 3791 789 3848; x_wconf 87' lang='lat' dir='ltr'>ut</span> <span class='ocrx_word' id='word_1_224' title='bbox 814 3776 921 3848; x_wconf 92' lang='lat' dir='ltr'>homo</span> <span class='ocrx_word' id='word_1_225' title='bbox 948 3791 1101 3869; x_wconf 86' lang='lat' dir='ltr'>tantum,</span> <span class='ocrx_word' id='word_1_226' title='bbox 1127 3793 1186 3848; x_wconf 88' lang='lat' dir='ltr'>ant</span> <span class='ocrx_word' id='word_1_227' title='bbox 1212 3791 1351 3850; x_wconf 87' lang='lat' dir='ltr'>tantum</span> <span class='ocrx_word' id='word_1_228' title='bbox 1426 3802 1428 3805; x_wconf 77' lang='grc'><strong>’</strong></span> 
     </span>
    </p>
   </div>
   <div class='ocr_carea' id='block_1_10' title="bbox 376 3886 1357 3985">
    <p class='ocr_par' dir='ltr' id='par_1_11' title="bbox 376 3886 1357 3985">
     <span class='ocr_line' id='line_1_31' title="bbox 376 3886 1357 3985; baseline 0.004 -29"><span class='ocrx_word' id='word_1_229' title='bbox 376 3902 415 3956; x_wconf 91' lang='lat' dir='ltr'>ut</span> <span class='ocrx_word' id='word_1_230' title='bbox 440 3887 545 3981; x_wconf 87' lang='lat' dir='ltr'>Deus,</span> <span class='ocrx_word' id='word_1_231' title='bbox 572 3891 764 3984; x_wconf 73' lang='lat' dir='ltr'>bacinga,</span> <span class='ocrx_word' id='word_1_232' title='bbox 794 3901 965 3985; x_wconf 89' lang='lat' dir='ltr'>quatenus</span> <span class='ocrx_word' id='word_1_233' title='bbox 990 3887 1085 3958; x_wconf 89' lang='lat' dir='ltr'>Deus</span> <span class='ocrx_word' id='word_1_234' title='bbox 1112 3886 1216 3959; x_wconf 91' lang='lat' dir='ltr'>simul</span> <span class='ocrx_word' id='word_1_235' title='bbox 1243 3901 1278 3957; x_wconf 86' lang='lat' dir='ltr'>et</span> <span class='ocrx_word' id='word_1_236' title='bbox 1295 3887 1357 3960; x_wconf 89' lang='lat' dir='ltr'>ho·</span> 
     </span>
    </p>
   </div>
   <div class='ocr_carea' id='block_1_11' title="bbox 260 2239 1457 2340">
    <p class='ocr_par' dir='ltr' id='par_1_12' title="bbox 260 2239 1457 2340">
     <span class='ocr_line' id='line_1_32' title="bbox 260 2239 1457 2340; baseline 0.005 -28"><span class='ocrx_word' id='word_1_237' title='bbox 260 2248 263 2254; x_wconf 85' lang='lat'>&#39;</span> <span class='ocrx_word' id='word_1_238' title='bbox 375 2242 466 2313; x_wconf 83' lang='lat' dir='ltr'>tiant</span> <span class='ocrx_word' id='word_1_239' title='bbox 476 2297 489 2334; x_wconf 90' lang='lat'>,</span> <span class='ocrx_word' id='word_1_240' title='bbox 514 2239 672 2315; x_wconf 88' lang='lat' dir='ltr'>facienda</span> <span class='ocrx_word' id='word_1_241' title='bbox 698 2255 735 2312; x_wconf 88' lang='lat' dir='ltr'>et</span> <span class='ocrx_word' id='word_1_242' title='bbox 767 2239 932 2340; x_wconf 86' lang='lat' dir='ltr'>patienda</span> <span class='ocrx_word' id='word_1_243' title='bbox 968 2257 1164 2340; x_wconf 87' lang='lat' dir='ltr'>supersunt.</span> <span class='ocrx_word' id='word_1_244' title='bbox 1199 2243 1285 2318; x_wconf 86' lang='lat' dir='ltr'>Hoec</span> <span class='ocrx_word' id='word_1_245' title='bbox 1315 2269 1361 2318; x_wconf 85' lang='lat' dir='ltr'>ex</span> <span class='ocrx_word' id='word_1_246' title='bbox 1456 2301 1457 2318; x_wconf 40' lang='lat' dir='ltr'>r</span> 
     </span>
    </p>
   </div>
   <div class='ocr_carea' id='block_1_12' title="bbox 0 0 1476 4962">
    <p class='ocr_par' dir='ltr' id='par_1_13' title="bbox 0 0 1476 4962">
     <span class='ocr_line' id='line_1_33' title="bbox 0 0 1476 4962; baseline 0 2"><span class='ocrx_word' id='word_1_247' title='bbox 0 0 1476 4962; x_wconf 95' lang='lat' dir='ltr'> </span> 
     </span>
    </p>
   </div>
  </div>
 </body>
</html>
