<?xml version="1.0" encoding="UTF-8"?>
<!DOCTYPE html PUBLIC "-//W3C//DTD XHTML 1.0 Transitional//EN"
    "http://www.w3.org/TR/xhtml1/DTD/xhtml1-transitional.dtd">
<html xmlns="http://www.w3.org/1999/xhtml" xml:lang="en" lang="en">
 <head>
  <title>
</title>
<meta http-equiv="Content-Type" content="text/html;charset=utf-8" />
  <meta name='ocr-system' content='tesseract 3.04.00' />
  <meta name='ocr-capabilities' content='ocr_page ocr_carea ocr_par ocr_line ocrx_word'/>
</head>
<body>
  <div class='ocr_page' id='page_1' title='image "./sacrtheologiins00gutigoog_0072.png"; bbox 0 0 2932 4970; ppageno 0'>
   <div class='ocr_carea' id='block_1_1' title="bbox 98 490 1162 2476">
    <p class='ocr_par' dir='ltr' id='par_1_1' title="bbox 98 490 1162 2469">
     <span class='ocr_line' id='line_1_1' title="bbox 314 490 1071 608; baseline -0.001 -29"><span class='ocrx_word' id='word_1_1' title='bbox 314 533 356 580; x_wconf 84' lang='lat' dir='ltr'><strong>ue</strong></span> <span class='ocrx_word' id='word_1_2' title='bbox 374 529 636 608; x_wconf 66' lang='lat' dir='ltr'><strong>tucianensem</strong></span> <span class='ocrx_word' id='word_1_3' title='bbox 654 530 696 576; x_wconf 82' lang='lat' dir='ltr'><strong>ua</strong></span> <span class='ocrx_word' id='word_1_4' title='bbox 713 529 788 588; x_wconf 79' lang='grc'><strong>333.</strong></span> <span class='ocrx_word' id='word_1_5' title='bbox 806 490 882 576; x_wconf 44' lang='grc' dir='ltr'><strong>333.ἱ</strong></span> <span class='ocrx_word' id='word_1_6' title='bbox 1031 502 1071 578; x_wconf 78' lang='grc'><strong>’11</strong></span> 
     </span>
     <span class='ocr_line' id='line_1_2' title="bbox 106 613 1081 719; baseline -0.006 -23"><span class='ocrx_word' id='word_1_7' title='bbox 106 617 285 698; x_wconf 79' lang='lat' dir='ltr'><strong>etvooari</strong></span> <span class='ocrx_word' id='word_1_8' title='bbox 303 615 439 698; x_wconf 79' lang='lat' dir='ltr'><strong>Filium</strong></span> <span class='ocrx_word' id='word_1_9' title='bbox 455 615 552 708; x_wconf 91' lang='lat' dir='ltr'><strong>Dei,</strong></span> <span class='ocrx_word' id='word_1_10' title='bbox 577 630 614 698; x_wconf 81' lang='lat' dir='ltr'><strong>et</strong></span> <span class='ocrx_word' id='word_1_11' title='bbox 638 613 825 697; x_wconf 82' lang='lat' dir='ltr'><strong>nonnullos</strong></span> <span class='ocrx_word' id='word_1_12' title='bbox 850 613 893 688; x_wconf 88' lang='grc'><strong>313</strong></span> <span class='ocrx_word' id='word_1_13' title='bbox 919 639 961 719; x_wconf 83' lang='lat' dir='ltr'><strong>eo</strong></span> <span class='ocrx_word' id='word_1_14' title='bbox 986 614 1081 696; x_wconf 85' lang='lat' dir='ltr'><strong>mitti</strong></span> 
     </span>
     <span class='ocr_line' id='line_1_3' title="bbox 98 715 1084 827; baseline 0.006 -33"><span class='ocrx_word' id='word_1_15' title='bbox 98 729 151 816; x_wconf 55' lang='lat' dir='ltr'><strong>ad</strong></span> <span class='ocrx_word' id='word_1_16' title='bbox 175 715 280 804; x_wconf 80' lang='grc'><strong>333333</strong></span> <span class='ocrx_word' id='word_1_17' title='bbox 313 727 498 799; x_wconf 88' lang='grc'><strong>1333313333</strong></span> <span class='ocrx_word' id='word_1_18' title='bbox 514 753 655 825; x_wconf 78' lang='lat' dir='ltr'><strong>genus,</strong></span> <span class='ocrx_word' id='word_1_19' title='bbox 681 726 741 824; x_wconf 93' lang='lat' dir='ltr'><strong>qui</strong></span> <span class='ocrx_word' id='word_1_20' title='bbox 766 728 855 808; x_wconf 80' lang='grc' dir='ltr'><strong>13333Ι</strong></span> <span class='ocrx_word' id='word_1_21' title='bbox 868 725 1084 827; x_wconf 85' lang='lat' dir='ltr'><strong>praedicent,</strong></span> 
     </span>
     <span class='ocr_line' id='line_1_4' title="bbox 104 834 1162 938; baseline -0.007 -26"><span class='ocrx_word' id='word_1_22' title='bbox 104 839 285 938; x_wconf 79' lang='lat' dir='ltr'><strong>magisque</strong></span> <span class='ocrx_word' id='word_1_23' title='bbox 310 836 360 908; x_wconf 92' lang='lat' dir='ltr'><strong>illi</strong></span> <span class='ocrx_word' id='word_1_24' title='bbox 386 834 527 909; x_wconf 85' lang='lat' dir='ltr'><strong>eredere</strong></span> <span class='ocrx_word' id='word_1_25' title='bbox 545 863 614 928; x_wconf 91' lang='lat' dir='ltr'><strong>eos,</strong></span> <span class='ocrx_word' id='word_1_26' title='bbox 632 835 791 934; x_wconf 86' lang='lat' dir='ltr'><strong>qui-sunt</strong></span> <span class='ocrx_word' id='word_1_27' title='bbox 809 863 853 908; x_wconf 84' lang='lat' dir='ltr'><strong>ex</strong></span> <span class='ocrx_word' id='word_1_28' title='bbox 871 835 1032 934; x_wconf 80' lang='lat' dir='ltr'><strong>gentibus</strong></span> <span class='ocrx_word' id='word_1_29' title='bbox 1051 865 1083 908; x_wconf 86' lang='grc'><strong>3.</strong></span> <span class='ocrx_word' id='word_1_30' title='bbox 1159 864 1162 870; x_wconf 93' lang='grc'><em>·</em></span> 
     </span>
     <span class='ocr_line' id='line_1_5' title="bbox 110 943 1082 1045; baseline -0.005 -24"><span class='ocrx_word' id='word_1_31' title='bbox 110 1031 113 1038; x_wconf 85' lang='lat'><em>.</em></span> <span class='ocrx_word' id='word_1_32' title='bbox 157 948 300 1021; x_wconf 86' lang='lat' dir='ltr'>Messias</span> <span class='ocrx_word' id='word_1_33' title='bbox 326 943 458 1016; x_wconf 90' lang='lat' dir='ltr'><strong>scilicet</strong></span> <span class='ocrx_word' id='word_1_34' title='bbox 482 971 501 1014; x_wconf 90' lang='lat' dir='ltr'><strong>a</strong></span> <span class='ocrx_word' id='word_1_35' title='bbox 527 945 623 1016; x_wconf 87' lang='lat' dir='ltr'>Mose</span> <span class='ocrx_word' id='word_1_36' title='bbox 642 959 678 1014; x_wconf 87' lang='lat' dir='ltr'><strong>et</strong></span> <span class='ocrx_word' id='word_1_37' title='bbox 694 943 766 1015; x_wconf 92' lang='lat' dir='ltr'><strong>aliis</strong></span> <span class='ocrx_word' id='word_1_38' title='bbox 782 943 984 1045; x_wconf 73' lang='lat' dir='ltr'><strong>preedieitur</strong></span> <span class='ocrx_word' id='word_1_39' title='bbox 1004 970 1082 1016; x_wconf 86' lang='lat' dir='ltr'><strong>ena·</strong></span> 
     </span>
     <span class='ocr_line' id='line_1_6' title="bbox 106 1048 1084 1151; baseline -0.004 -23"><span class='ocrx_word' id='word_1_40' title='bbox 106 1057 256 1128; x_wconf 86' lang='lat' dir='ltr'><strong>sciturus</strong></span> <span class='ocrx_word' id='word_1_41' title='bbox 282 1080 302 1124; x_wconf 89' lang='lat' dir='ltr'><strong>e</strong></span> <span class='ocrx_word' id='word_1_42' title='bbox 329 1053 461 1124; x_wconf 89' lang='lat' dir='ltr'><strong>semine</strong></span> <span class='ocrx_word' id='word_1_43' title='bbox 487 1048 675 1144; x_wconf 85' lang='lat' dir='ltr'><strong>Abraham,</strong></span> <span class='ocrx_word' id='word_1_44' title='bbox 704 1053 810 1145; x_wconf 82' lang='lat' dir='ltr'>Isaac,</span> <span class='ocrx_word' id='word_1_45' title='bbox 835 1052 964 1146; x_wconf 85' lang='lat' dir='ltr'><strong>Jacob,</strong></span> <span class='ocrx_word' id='word_1_46' title='bbox 989 1053 1084 1151; x_wconf 85' lang='lat' dir='ltr'><strong>Jesse</strong></span> 
     </span>
     <span class='ocr_line' id='line_1_7' title="bbox 104 1162 1085 1258; baseline -0.002 -20"><span class='ocrx_word' id='word_1_47' title='bbox 104 1193 149 1240; x_wconf 88' lang='lat' dir='ltr'><strong>ac</strong></span> <span class='ocrx_word' id='word_1_48' title='bbox 174 1164 336 1258; x_wconf 83' lang='lat' dir='ltr'><strong>Davidis3</strong></span> <span class='ocrx_word' id='word_1_49' title='bbox 364 1179 400 1234; x_wconf 89' lang='lat' dir='ltr'><strong>at</strong></span> <span class='ocrx_word' id='word_1_50' title='bbox 424 1190 505 1238; x_wconf 88' lang='lat' dir='ltr'><strong>vere</strong></span> <span class='ocrx_word' id='word_1_51' title='bbox 531 1189 575 1235; x_wconf 81' lang='lat' dir='ltr'><strong>ex</strong></span> <span class='ocrx_word' id='word_1_52' title='bbox 608 1164 658 1235; x_wconf 90' lang='lat' dir='ltr'><strong>eis</strong></span> <span class='ocrx_word' id='word_1_53' title='bbox 684 1179 802 1236; x_wconf 89' lang='lat' dir='ltr'><strong>ortum</strong></span> <span class='ocrx_word' id='word_1_54' title='bbox 836 1162 937 1236; x_wconf 90' lang='lat' dir='ltr'><strong>duxit</strong></span> <span class='ocrx_word' id='word_1_55' title='bbox 960 1165 1085 1256; x_wconf 77' lang='lat' dir='ltr'><strong>lesus,</strong></span> 
     </span>
     <span class='ocr_line' id='line_1_8' title="bbox 106 1273 1085 1383; baseline -0.003 -35"><span class='ocrx_word' id='word_1_56' title='bbox 106 1275 200 1370; x_wconf 83' lang='grc'><strong>31333</strong></span> <span class='ocrx_word' id='word_1_57' title='bbox 225 1275 297 1373; x_wconf 88' lang='lat' dir='ltr'><strong>ejus</strong></span> <span class='ocrx_word' id='word_1_58' title='bbox 322 1273 409 1344; x_wconf 77' lang='lat' dir='ltr'><strong>teuit</strong></span> <span class='ocrx_word' id='word_1_59' title='bbox 435 1273 565 1343; x_wconf 85' lang='lat' dir='ltr'><strong>librum</strong></span> <span class='ocrx_word' id='word_1_60' title='bbox 593 1275 828 1368; x_wconf 80' lang='lat' dir='ltr'><strong>generationis</strong></span> <span class='ocrx_word' id='word_1_61' title='bbox 861 1273 1085 1383; x_wconf 83' lang='lat' dir='ltr'><strong>Evangelista</strong></span> 
     </span>
     <span class='ocr_line' id='line_1_9' title="bbox 109 1361 1085 1479; baseline -0.004 -25"><span class='ocrx_word' id='word_1_62' title='bbox 109 1361 306 1454; x_wconf 82' lang='lat' dir='ltr'><strong>Matthaeus.</strong></span> <span class='ocrx_word' id='word_1_63' title='bbox 337 1383 426 1450; x_wconf 92' lang='lat' dir='ltr'><strong>ltem</strong></span> <span class='ocrx_word' id='word_1_64' title='bbox 461 1381 595 1452; x_wconf 88' lang='lat' dir='ltr'><strong>Messiee</strong></span> <span class='ocrx_word' id='word_1_65' title='bbox 630 1381 847 1454; x_wconf 76' lang='lat' dir='ltr'><strong>nativitatem</strong></span> <span class='ocrx_word' id='word_1_66' title='bbox 873 1407 918 1454; x_wconf 85' lang='lat' dir='ltr'><strong>ex</strong></span> <span class='ocrx_word' id='word_1_67' title='bbox 941 1375 1085 1479; x_wconf 80' lang='lat' dir='ltr'>Virgine</span> 
     </span>
     <span class='ocr_line' id='line_1_10' title="bbox 110 1487 1087 1588; baseline -0.001 -27"><span class='ocrx_word' id='word_1_68' title='bbox 110 1490 216 1588; x_wconf 88' lang='lat' dir='ltr'><strong>Isaias</strong></span> <span class='ocrx_word' id='word_1_69' title='bbox 241 1487 469 1579; x_wconf 86' lang='lat' dir='ltr'><strong>annuntiavit,</strong></span> <span class='ocrx_word' id='word_1_70' title='bbox 494 1487 726 1587; x_wconf 82' lang='lat' dir='ltr'><strong>praedixitque</strong></span> <span class='ocrx_word' id='word_1_71' title='bbox 753 1488 907 1560; x_wconf 85' lang='lat' dir='ltr'><strong>suturam</strong></span> <span class='ocrx_word' id='word_1_72' title='bbox 924 1489 1087 1561; x_wconf 87' lang='lat' dir='ltr'><strong>Michaeas</strong></span> 
     </span>
     <span class='ocr_line' id='line_1_11' title="bbox 113 1596 1087 1700; baseline -0.001 -27"><span class='ocrx_word' id='word_1_73' title='bbox 113 1603 152 1672; x_wconf 93' lang='lat' dir='ltr'><strong>in</strong></span> <span class='ocrx_word' id='word_1_74' title='bbox 176 1598 393 1689; x_wconf 76' lang='lat' dir='ltr'><strong>Bethlehem,</strong></span> <span class='ocrx_word' id='word_1_75' title='bbox 420 1613 473 1668; x_wconf 89' lang='lat' dir='ltr'><strong>ast</strong></span> <span class='ocrx_word' id='word_1_76' title='bbox 497 1597 592 1669; x_wconf 90' lang='lat' dir='ltr'><strong>idem</strong></span> <span class='ocrx_word' id='word_1_77' title='bbox 617 1601 802 1672; x_wconf 83' lang='lat' dir='ltr'><strong>Matthaeus</strong></span> <span class='ocrx_word' id='word_1_78' title='bbox 829 1626 904 1700; x_wconf 88' lang='lat' dir='ltr'><strong>cap.</strong></span> <span class='ocrx_word' id='word_1_79' title='bbox 931 1601 945 1670; x_wconf 89' lang='lat' dir='ltr'><strong>l</strong></span> <span class='ocrx_word' id='word_1_80' title='bbox 980 1615 1016 1672; x_wconf 92' lang='lat' dir='ltr'><strong>et</strong></span> <span class='ocrx_word' id='word_1_81' title='bbox 1040 1596 1087 1691; x_wconf 86' lang='lat'>3</span> 
     </span>
     <span class='ocr_line' id='line_1_12' title="bbox 106 1707 1083 1833; baseline -0.002 -49"><span class='ocrx_word' id='word_1_82' title='bbox 106 1728 146 1784; x_wconf 91' lang='lat' dir='ltr'><strong>et</strong></span> <span class='ocrx_word' id='word_1_83' title='bbox 170 1714 282 1782; x_wconf 87' lang='lat' dir='ltr'><strong>Lucas</strong></span> <span class='ocrx_word' id='word_1_84' title='bbox 301 1711 314 1778; x_wconf 87' lang='grc'><strong>1</strong></span> <span class='ocrx_word' id='word_1_85' title='bbox 341 1723 377 1780; x_wconf 87' lang='lat' dir='ltr'><strong>et</strong></span> <span class='ocrx_word' id='word_1_86' title='bbox 395 1712 416 1780; x_wconf 79' lang='lat'><strong>2</strong></span> <span class='ocrx_word' id='word_1_87' title='bbox 434 1709 511 1780; x_wconf 85' lang='lat' dir='ltr'><strong>haee</strong></span> <span class='ocrx_word' id='word_1_88' title='bbox 528 1707 754 1782; x_wconf 89' lang='lat' dir='ltr'><strong>describunt</strong></span> <span class='ocrx_word' id='word_1_89' title='bbox 745 1737 782 1782; x_wconf 81' lang='lat' dir='ltr'><strong>in</strong></span> <span class='ocrx_word' id='word_1_90' title='bbox 798 1713 882 1784; x_wconf 89' lang='lat' dir='ltr'><strong>Jesu</strong></span> <span class='ocrx_word' id='word_1_91' title='bbox 900 1711 1083 1833; x_wconf 81' lang='lat' dir='ltr'><strong>completa.</strong></span> 
     </span>
     <span class='ocr_line' id='line_1_13' title="bbox 107 1815 1084 1920; baseline -0.002 -28"><span class='ocrx_word' id='word_1_92' title='bbox 107 1823 257 1919; x_wconf 85' lang='lat' dir='ltr'><strong>Insuper</strong></span> <span class='ocrx_word' id='word_1_93' title='bbox 289 1818 431 1889; x_wconf 84' lang='lat' dir='ltr'><strong>Messias</strong></span> <span class='ocrx_word' id='word_1_94' title='bbox 464 1815 744 1890; x_wconf 86' lang='lat' dir='ltr'><strong>venundatum</strong></span> <span class='ocrx_word' id='word_1_95' title='bbox 735 1819 777 1890; x_wconf 84' lang='lat' dir='ltr'><strong>ni</strong></span> <span class='ocrx_word' id='word_1_96' title='bbox 789 1875 800 1911; x_wconf 97' lang='lat'><strong>,</strong></span> <span class='ocrx_word' id='word_1_97' title='bbox 828 1820 1084 1920; x_wconf 85' lang='lat' dir='ltr'><strong>praenuntiatur</strong></span> 
     </span>
     <span class='ocr_line' id='line_1_14' title="bbox 111 1925 1088 2022; baseline -0.003 -24"><span class='ocrx_word' id='word_1_98' title='bbox 111 1929 237 1998; x_wconf 65' lang='lat' dir='ltr'><strong>Zaceh„</strong></span> <span class='ocrx_word' id='word_1_99' title='bbox 255 1925 322 2016; x_wconf 83' lang='lat' dir='ltr'><strong>ll,</strong></span> <span class='ocrx_word' id='word_1_100' title='bbox 347 1941 381 1996; x_wconf 86' lang='lat' dir='ltr'><strong>et</strong></span> <span class='ocrx_word' id='word_1_101' title='bbox 405 1925 647 2022; x_wconf 79' lang='lat' dir='ltr'><strong>appenderunt</strong></span> <span class='ocrx_word' id='word_1_102' title='bbox 671 1927 869 1999; x_wconf 83' lang='lat' dir='ltr'><strong>mercedem</strong></span> <span class='ocrx_word' id='word_1_103' title='bbox 890 1950 1008 1998; x_wconf 87' lang='lat' dir='ltr'><strong>meam</strong></span> <span class='ocrx_word' id='word_1_104' title='bbox 1033 1927 1088 2014; x_wconf 81' lang='lat' dir='ltr'><strong>tri·</strong></span> 
     </span>
     <span class='ocr_line' id='line_1_15' title="bbox 106 2034 1090 2130; baseline 0.003 -27"><span class='ocrx_word' id='word_1_105' title='bbox 106 2037 209 2130; x_wconf 75' lang='lat' dir='ltr'><strong>ginta</strong></span> <span class='ocrx_word' id='word_1_106' title='bbox 224 2049 420 2130; x_wconf 82' lang='lat' dir='ltr'><strong>argenteos:</strong></span> <span class='ocrx_word' id='word_1_107' title='bbox 437 2034 494 2106; x_wconf 89' lang='lat' dir='ltr'><strong>hie</strong></span> <span class='ocrx_word' id='word_1_108' title='bbox 511 2049 628 2106; x_wconf 89' lang='lat' dir='ltr'><strong>autem</strong></span> <span class='ocrx_word' id='word_1_109' title='bbox 646 2051 698 2106; x_wconf 90' lang='lat' dir='ltr'><strong>est</strong></span> <span class='ocrx_word' id='word_1_110' title='bbox 714 2036 814 2108; x_wconf 87' lang='lat' dir='ltr'><strong>Jesus</strong></span> <span class='ocrx_word' id='word_1_111' title='bbox 830 2035 1024 2108; x_wconf 87' lang='lat' dir='ltr'><strong>Nazareuus</strong></span> <span class='ocrx_word' id='word_1_112' title='bbox 1045 2058 1090 2106; x_wconf 81' lang='lat' dir='ltr'><strong>ex</strong></span> 
     </span>
     <span class='ocr_line' id='line_1_16' title="bbox 109 2144 1087 2247; baseline 0.006 -29"><span class='ocrx_word' id='word_1_113' title='bbox 109 2171 186 2245; x_wconf 89' lang='lat' dir='ltr'><strong>cap.</strong></span> <span class='ocrx_word' id='word_1_114' title='bbox 213 2147 335 2218; x_wconf 87' lang='grc' dir='ltr'><strong>Μ33313.</strong></span> <span class='ocrx_word' id='word_1_115' title='bbox 363 2147 421 2240; x_wconf 75' lang='grc'><strong>26,</strong></span> <span class='ocrx_word' id='word_1_116' title='bbox 445 2161 482 2217; x_wconf 84' lang='lat' dir='ltr'><strong>nt</strong></span> <span class='ocrx_word' id='word_1_117' title='bbox 503 2145 569 2233; x_wconf 88' lang='lat' dir='ltr'><strong>illi,</strong></span> <span class='ocrx_word' id='word_1_118' title='bbox 586 2144 685 2218; x_wconf 92' lang='lat' dir='ltr'><strong>Judae</strong></span> <span class='ocrx_word' id='word_1_119' title='bbox 702 2145 884 2247; x_wconf 84' lang='lat' dir='ltr'><strong>proditori,</strong></span> <span class='ocrx_word' id='word_1_120' title='bbox 901 2148 1087 2224; x_wconf 77' lang='lat' dir='ltr'><strong>constitne-</strong></span> 
     </span>
     <span class='ocr_line' id='line_1_17' title="bbox 110 2245 1086 2382; baseline -0.001 -53"><span class='ocrx_word' id='word_1_121' title='bbox 110 2273 196 2330; x_wconf 86' lang='lat' dir='ltr'><strong>runt</strong></span> <span class='ocrx_word' id='word_1_122' title='bbox 208 2260 351 2382; x_wconf 73' lang='lat' dir='ltr'><strong>triginta</strong></span> <span class='ocrx_word' id='word_1_123' title='bbox 367 2273 562 2352; x_wconf 56' lang='lat' dir='ltr'><strong>argenteos</strong></span> <span class='ocrx_word' id='word_1_124' title='bbox 576 2257 728 2355; x_wconf 91' lang='lat' dir='ltr'><strong>quibus</strong></span> <span class='ocrx_word' id='word_1_125' title='bbox 719 2286 748 2330; x_wconf 92' lang='lat' dir='ltr'><strong>1s</strong></span> <span class='ocrx_word' id='word_1_126' title='bbox 764 2259 800 2329; x_wconf 93' lang='lat' dir='ltr'><strong>in</strong></span> <span class='ocrx_word' id='word_1_127' title='bbox 818 2285 918 2332; x_wconf 90' lang='lat' dir='ltr'><strong>suam</strong></span> <span class='ocrx_word' id='word_1_128' title='bbox 936 2273 972 2330; x_wconf 89' lang='lat' dir='ltr'><strong>et</strong></span> <span class='ocrx_word' id='word_1_129' title='bbox 989 2245 1086 2352; x_wconf 86' lang='lat' dir='ltr'><strong>Chri·</strong></span> 
     </span>
     <span class='ocr_line' id='line_1_18' title="bbox 111 2363 1088 2476; baseline -0.003 -36"><span class='ocrx_word' id='word_1_130' title='bbox 111 2369 157 2440; x_wconf 86' lang='lat' dir='ltr'><strong>sti</strong></span> <span class='ocrx_word' id='word_1_131' title='bbox 181 2369 374 2466; x_wconf 86' lang='lat' dir='ltr'><strong>perniciem</strong></span> <span class='ocrx_word' id='word_1_132' title='bbox 398 2367 531 2458; x_wconf 84' lang='lat' dir='ltr'><strong>facinus</strong></span> <span class='ocrx_word' id='word_1_133' title='bbox 555 2367 685 2440; x_wconf 87' lang='lat' dir='ltr'><strong>infame</strong></span> <span class='ocrx_word' id='word_1_134' title='bbox 702 2369 903 2469; x_wconf 89' lang='lat' dir='ltr'><strong>complevit.</strong></span> <span class='ocrx_word' id='word_1_135' title='bbox 918 2363 1088 2476; x_wconf 85' lang='lat' dir='ltr'><strong>Denique,</strong></span> 
     </span>
    </p>
   </div>
   <div class='ocr_carea' id='block_1_2' title="bbox 111 2469 1092 2798">
    <p class='ocr_par' dir='ltr' id='par_1_2' title="bbox 111 2469 1092 2798">
     <span class='ocr_line' id='line_1_19' title="bbox 111 2469 1087 2580; baseline 0 -30"><span class='ocrx_word' id='word_1_136' title='bbox 111 2505 158 2550; x_wconf 88' lang='lat' dir='ltr'><strong>ne</strong></span> <span class='ocrx_word' id='word_1_137' title='bbox 183 2479 248 2550; x_wconf 88' lang='lat' dir='ltr'><strong>sim</strong></span> <span class='ocrx_word' id='word_1_138' title='bbox 273 2479 448 2572; x_wconf 89' lang='lat' dir='ltr'><strong>infinitus,</strong></span> <span class='ocrx_word' id='word_1_139' title='bbox 466 2478 545 2550; x_wconf 86' lang='grc'><strong>13113</strong></span> <span class='ocrx_word' id='word_1_140' title='bbox 572 2496 607 2551; x_wconf 88' lang='grc'><strong>33</strong></span> <span class='ocrx_word' id='word_1_141' title='bbox 633 2497 731 2552; x_wconf 82' lang='lat' dir='ltr'><strong>aceto</strong></span> <span class='ocrx_word' id='word_1_142' title='bbox 760 2479 932 2580; x_wconf 87' lang='lat' dir='ltr'><strong>potandus</strong></span> <span class='ocrx_word' id='word_1_143' title='bbox 947 2469 1087 2552; x_wconf 79' lang='lat' dir='ltr'>Psalmo</span> 
     </span>
     <span class='ocr_line' id='line_1_20' title="bbox 111 2585 1089 2689; baseline -0.005 -30"><span class='ocrx_word' id='word_1_144' title='bbox 111 2585 335 2689; x_wconf 89' lang='lat' dir='ltr'><strong>portenditur</strong></span> <span class='ocrx_word' id='word_1_145' title='bbox 361 2591 418 2679; x_wconf 81' lang='lat'><strong>683</strong></span> <span class='ocrx_word' id='word_1_146' title='bbox 445 2587 698 2686; x_wconf 80' lang='lat' dir='ltr'><strong>crucifigendus</strong></span> <span class='ocrx_word' id='word_1_147' title='bbox 724 2615 867 2660; x_wconf 91' lang='lat' dir='ltr'><strong>suarum</strong></span> <span class='ocrx_word' id='word_1_148' title='bbox 887 2586 1089 2688; x_wconf 86' lang='lat' dir='ltr'><strong>perforatio-</strong></span> 
     </span>
     <span class='ocr_line' id='line_1_21' title="bbox 113 2689 1092 2798; baseline -0.007 -26"><span class='ocrx_word' id='word_1_149' title='bbox 113 2727 159 2772; x_wconf 92' lang='lat' dir='ltr'><strong>ne</strong></span> <span class='ocrx_word' id='word_1_150' title='bbox 185 2726 353 2772; x_wconf 87' lang='lat' dir='ltr'><strong>manuum</strong></span> <span class='ocrx_word' id='word_1_151' title='bbox 379 2699 586 2798; x_wconf 78' lang='lat' dir='ltr'><strong>sepedum,</strong></span> <span class='ocrx_word' id='word_1_152' title='bbox 612 2699 878 2796; x_wconf 80' lang='lat' dir='ltr'><strong>efficiendasque</strong></span> <span class='ocrx_word' id='word_1_153' title='bbox 905 2714 958 2774; x_wconf 78' lang='lat' dir='ltr'><strong>tot.</strong></span> <span class='ocrx_word' id='word_1_154' title='bbox 974 2689 1092 2768; x_wconf 87' lang='lat' dir='ltr'><strong>tantis·</strong></span> 
     </span>
    </p>
   </div>
   <div class='ocr_carea' id='block_1_3' title="bbox 64 2810 1097 3768">
    <p class='ocr_par' dir='ltr' id='par_1_3' title="bbox 64 2810 1097 3768">
     <span class='ocr_line' id='line_1_22' title="bbox 115 2810 1093 2912; baseline -0.009 -27"><span class='ocrx_word' id='word_1_155' title='bbox 115 2839 185 2912; x_wconf 91' lang='lat' dir='ltr'><strong>que</strong></span> <span class='ocrx_word' id='word_1_156' title='bbox 210 2810 428 2884; x_wconf 88' lang='lat' dir='ltr'><strong>contumeliis</strong></span> <span class='ocrx_word' id='word_1_157' title='bbox 454 2813 507 2882; x_wconf 92' lang='lat' dir='ltr'><strong>Ps.</strong></span> <span class='ocrx_word' id='word_1_158' title='bbox 536 2813 593 2902; x_wconf 67' lang='lat' dir='ltr'><strong>il,</strong></span> <span class='ocrx_word' id='word_1_159' title='bbox 612 2810 911 2906; x_wconf 88' lang='lat' dir='ltr'><strong>quemadmodum</strong></span> <span class='ocrx_word' id='word_1_160' title='bbox 929 2825 966 2880; x_wconf 90' lang='lat' dir='ltr'><strong>et</strong></span> <span class='ocrx_word' id='word_1_161' title='bbox 982 2831 1093 2880; x_wconf 90' lang='lat' dir='ltr'><strong>resur·</strong></span> 
     </span>
     <span class='ocr_line' id='line_1_23' title="bbox 64 2916 1092 3008; baseline -0.016 -8"><span class='ocrx_word' id='word_1_162' title='bbox 64 3003 66 3008; x_wconf 67' lang='grc'>,</span> <span class='ocrx_word' id='word_1_163' title='bbox 115 2938 275 2999; x_wconf 84' lang='grc'><strong>33333333</strong></span> <span class='ocrx_word' id='word_1_164' title='bbox 301 2949 319 2994; x_wconf 93' lang='grc'><strong>3</strong></span> <span class='ocrx_word' id='word_1_165' title='bbox 345 2923 493 2991; x_wconf 88' lang='lat' dir='ltr'><strong>mortuis</strong></span> <span class='ocrx_word' id='word_1_166' title='bbox 518 2945 558 2991; x_wconf 92' lang='grc'><strong>33</strong></span> <span class='ocrx_word' id='word_1_167' title='bbox 583 2945 788 2992; x_wconf 87' lang='grc'><strong>3333333333</strong></span> <span class='ocrx_word' id='word_1_168' title='bbox 813 2921 851 2990; x_wconf 89' lang='lat' dir='ltr'><strong>in</strong></span> <span class='ocrx_word' id='word_1_169' title='bbox 876 2917 1016 2992; x_wconf 88' lang='lat' dir='ltr'><strong>Coelum</strong></span> <span class='ocrx_word' id='word_1_170' title='bbox 1036 2916 1092 2986; x_wconf 91' lang='lat' dir='ltr'><strong>Ps.</strong></span> 
     </span>
     <span class='ocr_line' id='line_1_24' title="bbox 116 3027 1093 3126; baseline -0.011 -24"><span class='ocrx_word' id='word_1_171' title='bbox 116 3031 165 3104; x_wconf 87' lang='grc'><strong>15</strong></span> <span class='ocrx_word' id='word_1_172' title='bbox 192 3031 313 3120; x_wconf 82' lang='grc'><strong>3346,</strong></span> <span class='ocrx_word' id='word_1_173' title='bbox 338 3045 415 3102; x_wconf 86' lang='lat' dir='ltr'><strong>turn</strong></span> <span class='ocrx_word' id='word_1_174' title='bbox 440 3045 646 3126; x_wconf 78' lang='lat' dir='ltr'><strong>regnaturus</strong></span> <span class='ocrx_word' id='word_1_175' title='bbox 672 3029 709 3098; x_wconf 91' lang='lat' dir='ltr'><strong>in</strong></span> <span class='ocrx_word' id='word_1_176' title='bbox 735 3027 868 3119; x_wconf 92' lang='lat' dir='ltr'><strong>orbem,</strong></span> <span class='ocrx_word' id='word_1_177' title='bbox 894 3027 1093 3120; x_wconf 87' lang='lat' dir='ltr'><strong>Gentesque</strong></span> 
     </span>
     <span class='ocr_line' id='line_1_25' title="bbox 116 3135 1096 3244; baseline -0.01 -28"><span class='ocrx_word' id='word_1_178' title='bbox 116 3168 345 3244; x_wconf 86' lang='lat' dir='ltr'><strong>conversurus</strong></span> <span class='ocrx_word' id='word_1_179' title='bbox 371 3139 416 3211; x_wconf 85' lang='lat' dir='ltr'><strong>ad</strong></span> <span class='ocrx_word' id='word_1_180' title='bbox 440 3135 672 3242; x_wconf 81' lang='lat' dir='ltr'><strong>Evangelium</strong></span> <span class='ocrx_word' id='word_1_181' title='bbox 697 3137 891 3212; x_wconf 87' lang='lat' dir='ltr'><strong>luculenter</strong></span> <span class='ocrx_word' id='word_1_182' title='bbox 908 3135 988 3208; x_wconf 88' lang='lat' dir='ltr'><strong>alibi</strong></span> <span class='ocrx_word' id='word_1_183' title='bbox 1008 3150 1096 3241; x_wconf 72' lang='grc'><strong>33333·</strong></span> 
     </span>
     <span class='ocr_line' id='line_1_26' title="bbox 116 3237 1095 3348; baseline -0.013 -24"><span class='ocrx_word' id='word_1_184' title='bbox 116 3237 312 3324; x_wconf 78' lang='lat' dir='ltr'><strong>nuntiatur:</strong></span> <span class='ocrx_word' id='word_1_185' title='bbox 339 3265 374 3320; x_wconf 87' lang='lat' dir='ltr'><strong>at</strong></span> <span class='ocrx_word' id='word_1_186' title='bbox 399 3265 493 3321; x_wconf 89' lang='lat' dir='ltr'><strong>certe</strong></span> <span class='ocrx_word' id='word_1_187' title='bbox 520 3276 558 3320; x_wconf 90' lang='lat' dir='ltr'><strong>ea</strong></span> <span class='ocrx_word' id='word_1_188' title='bbox 585 3249 701 3320; x_wconf 85' lang='lat' dir='ltr'><strong>omnia</strong></span> <span class='ocrx_word' id='word_1_189' title='bbox 719 3249 754 3318; x_wconf 94' lang='lat' dir='ltr'><strong>in</strong></span> <span class='ocrx_word' id='word_1_190' title='bbox 773 3248 856 3348; x_wconf 89' lang='lat' dir='ltr'><strong>Jesu</strong></span> <span class='ocrx_word' id='word_1_191' title='bbox 876 3244 1014 3318; x_wconf 84' lang='lat' dir='ltr'><strong>Christo</strong></span> <span class='ocrx_word' id='word_1_192' title='bbox 1031 3240 1095 3313; x_wconf 83' lang='lat' dir='ltr'><strong>Na·</strong></span> 
     </span>
     <span class='ocr_line' id='line_1_27' title="bbox 117 3353 1096 3459; baseline -0.015 -22"><span class='ocrx_word' id='word_1_193' title='bbox 117 3390 255 3456; x_wconf 83' lang='lat' dir='ltr'><strong>zareno,</strong></span> <span class='ocrx_word' id='word_1_194' title='bbox 282 3361 401 3435; x_wconf 91' lang='lat' dir='ltr'><strong>salutis</strong></span> <span class='ocrx_word' id='word_1_195' title='bbox 426 3363 589 3454; x_wconf 86' lang='lat' dir='ltr'><strong>humanae</strong></span> <span class='ocrx_word' id='word_1_196' title='bbox 616 3376 828 3459; x_wconf 81' lang='lat' dir='ltr'><strong>reparatore,</strong></span> <span class='ocrx_word' id='word_1_197' title='bbox 857 3383 930 3429; x_wconf 91' lang='lat' dir='ltr'><strong>esse</strong></span> <span class='ocrx_word' id='word_1_198' title='bbox 960 3353 1096 3427; x_wconf 88' lang='lat' dir='ltr'><strong>convin-</strong></span> 
     </span>
     <span class='ocr_line' id='line_1_28' title="bbox 121 3467 1097 3596; baseline -0.014 -47"><span class='ocrx_word' id='word_1_199' title='bbox 121 3479 236 3550; x_wconf 83' lang='lat' dir='ltr'><strong>cimur</strong></span> <span class='ocrx_word' id='word_1_200' title='bbox 269 3473 467 3596; x_wconf 78' lang='lat' dir='ltr'><strong>adimpleta.</strong></span> <span class='ocrx_word' id='word_1_201' title='bbox 494 3474 573 3562; x_wconf 90' lang='lat' dir='ltr'><strong>Quo</strong></span> <span class='ocrx_word' id='word_1_202' title='bbox 600 3499 680 3544; x_wconf 88' lang='lat' dir='ltr'><strong>sane</strong></span> <span class='ocrx_word' id='word_1_203' title='bbox 707 3470 817 3564; x_wconf 84' lang='lat' dir='ltr'><strong>adeo,</strong></span> <span class='ocrx_word' id='word_1_204' title='bbox 841 3471 905 3542; x_wconf 89' lang='lat' dir='ltr'><strong>nisi</strong></span> <span class='ocrx_word' id='word_1_205' title='bbox 934 3467 1097 3540; x_wconf 88' lang='lat' dir='ltr'><strong>nuntium</strong></span> 
     </span>
     <span class='ocr_line' id='line_1_29' title="bbox 102 3575 1097 3673; baseline -0.016 -13"><span class='ocrx_word' id='word_1_206' title='bbox 102 3581 258 3660; x_wconf 59' lang='lat' dir='ltr'><strong>&#39;veritati</strong></span> <span class='ocrx_word' id='word_1_207' title='bbox 283 3585 492 3673; x_wconf 80' lang='lat' dir='ltr'><strong>remiserint,</strong></span> <span class='ocrx_word' id='word_1_208' title='bbox 519 3599 555 3654; x_wconf 90' lang='lat' dir='ltr'><strong>et</strong></span> <span class='ocrx_word' id='word_1_209' title='bbox 577 3580 735 3654; x_wconf 89' lang='lat' dir='ltr'><strong>Gentiles</strong></span> <span class='ocrx_word' id='word_1_210' title='bbox 752 3597 788 3651; x_wconf 85' lang='lat' dir='ltr'><strong>et</strong></span> <span class='ocrx_word' id='word_1_211' title='bbox 804 3578 859 3654; x_wconf 93' lang='lat' dir='ltr'><strong>vel</strong></span> <span class='ocrx_word' id='word_1_212' title='bbox 875 3577 1025 3650; x_wconf 87' lang='lat' dir='ltr'><strong>maxime</strong></span> <span class='ocrx_word' id='word_1_213' title='bbox 1042 3575 1097 3646; x_wconf 90' lang='lat' dir='ltr'><strong>Ju-</strong></span> 
     </span>
     <span class='ocr_line' id='line_1_30' title="bbox 118 3683 1095 3768; baseline -0.016 -2"><span class='ocrx_word' id='word_1_214' title='bbox 118 3695 186 3767; x_wconf 87' lang='lat' dir='ltr'><strong>daei</strong></span> <span class='ocrx_word' id='word_1_215' title='bbox 220 3695 466 3768; x_wconf 88' lang='lat' dir='ltr'><strong>revincuntur.</strong></span> <span class='ocrx_word' id='word_1_216' title='bbox 500 3689 628 3764; x_wconf 86' lang='lat' dir='ltr'><strong>Videas</strong></span> <span class='ocrx_word' id='word_1_217' title='bbox 661 3689 822 3760; x_wconf 90' lang='lat' dir='ltr'><strong>lubenter</strong></span> <span class='ocrx_word' id='word_1_218' title='bbox 856 3683 1067 3758; x_wconf 86' lang='lat' dir='ltr'><strong>Huetium</strong></span> <span class='ocrx_word' id='word_1_219' title='bbox 1057 3707 1095 3752; x_wconf 93' lang='lat' dir='ltr'><strong>1n</strong></span> 
     </span>
    </p>
   </div>
   <div class='ocr_carea' id='block_1_4' title="bbox 121 3803 1101 4019">
    <p class='ocr_par' dir='ltr' id='par_1_4' title="bbox 121 3803 1101 4019">
     <span class='ocr_line' id='line_1_31' title="bbox 121 3803 572 3900; baseline -0.02 -17"><span class='ocrx_word' id='word_1_220' title='bbox 121 3812 322 3895; x_wconf 85' lang='lat' dir='ltr'><strong>Demonstr.</strong></span> <span class='ocrx_word' id='word_1_221' title='bbox 349 3803 572 3900; x_wconf 73' lang='lat' dir='ltr'><strong>Euangeliou.</strong></span> 
     </span>
     <span class='ocr_line' id='line_1_32' title="bbox 172 3907 1101 4019; baseline -0.025 -27"><span class='ocrx_word' id='word_1_222' title='bbox 172 3921 379 3992; x_wconf 83' lang='lat' dir='ltr'><strong>Rerincitnr</strong></span> <span class='ocrx_word' id='word_1_223' title='bbox 402 3941 562 4016; x_wconf 91' lang='lat' dir='ltr'><strong>quoque,</strong></span> <span class='ocrx_word' id='word_1_224' title='bbox 589 3910 683 4014; x_wconf 90' lang='lat' dir='ltr'><strong>quod</strong></span> <span class='ocrx_word' id='word_1_225' title='bbox 709 3908 799 3984; x_wconf 87' lang='lat' dir='ltr'><strong>addo</strong></span> <span class='ocrx_word' id='word_1_226' title='bbox 828 3907 1101 4019; x_wconf 68' lang='lat' dir='ltr'><strong>libentissimus,</strong></span> 
     </span>
    </p>
   </div>
   <div class='ocr_carea' id='block_1_5' title="bbox 0 0 1492 4970">
    <p class='ocr_par' dir='ltr' id='par_1_5' title="bbox 0 0 1492 4970">
     <span class='ocr_line' id='line_1_33' title="bbox 0 0 1492 4970; baseline 0 0"><span class='ocrx_word' id='word_1_227' title='bbox 0 0 1492 4970; x_wconf 95' lang='lat' dir='ltr'><strong> </strong></span> 
     </span>
    </p>
   </div>
  </div>
 </body>
</html>
