2932 4970
386 499 391 510 '
421 509 471 561 aa.
490 511 647 564 accursu
673 513 805 562 ounrsrr
1046 496 1101 584 >55

118 598 229 676 astitit
255 596 433 698 Apostolis
446 647 467 690 ,-
481 599 623 724 quaudo
653 597 923 697 abstinentiam,
947 629 1018 678 ιιοιι
1033 604 1105 682 din

116 713 334 802 duraturam,
359 736 378 780 a
405 710 580 808 sauguine
600 725 636 782 et
662 710 830 784 suffocato
847 729 1104 817 praeceperunt,

117 840 159 903 ut
183 821 320 922 prostat
345 818 425 892 Act.
451 843 481 890 c.
509 818 568 894 l5.
595 817 614 854 *
902 889 903 892 ,

169 932 279 1002 Secus·
303 944 422 1000 autem
438 928 476 998 in
493 953 635 1000 morum
652 904 689 1000 et
706 926 900 1027 disciplinae
917 932 1105 1053 praeceptis
1159 927 1163 936 ⁸

118 1041 307 1142 placitisve,
332 1063 413 1136 quae
438 1035 483 1108 ad
507 1038 666 1137 privatos
678 1036 940 1136 Ecclesiamque
957 1039 1105 1138 particu-

116 1151 228 1223 larem
262 1165 423 1250 spectant
448 1147 494 1219 ad
526 1173 730 1239 summum3
756 1149 859 1222 utin
894 1147 1104 1248 quibusdam

118 1261 339 1348 facultatibus
376 1259 657 1332 extraordinariis
695 1275 755 1332 aut
789 1259 1106 1362 dispensationibus

118 1390 231 1451 totam
265 1373 309 1444 ad
333 1371 528 1444 Ecclesiam
562 1372 709 1444 minime
736 1369 898 1465 directis,
924 1371 968 1444 de
1003 1375 1112 1472 queis-

117 1481 351 1555 Benedictum
367 1479 448 1552 vide
464 1479 549 1550 XIV
563 1477 624 1550 lib.
643 1481 689 1552 t3
709 1479 754 1552 de
772 1479 916 1580 Synodo
942 1507 1016 1582 cap.
1036 1484 1076 1556 21
1094 1507 1104 1555 :

117 1615 271 1686 uanique
297 1589 420 1659 nititur
437 1588 560 1659 hocin
581 1614 662 1660 casu
679 1589 889 1662 testimoniis
908 1589 1105 1684 hominum,

117 1718 181 1774 aut
197 1702 261 1774 viis
279 1699 423 1798 quidem
439 1698 634 1800 prudentiae
651 1699 900 1801 probabilibuS,
913 1717 949 1775 at
960 1727 1034 1774 non
1046 1700 1105 1774 do·

118 1811 293 1884 comantis
310 1809 392 1881 fidei
405 1803 693 1901 immutabilibus3
707 1810 868 1881 homines
882 1825 1001 1881 autem
1012 1807 1104 1880 salla·

118 1947 178 1997 ces
196 1935 232 1990 et
249 1918 325 1990 falsi
342 1934 415 1990 es'sc
432 1935 591 2019 possunt,
608 1921 663 1993 via
681 1920 787 1992 etiam
804 1918 1002 2021 prudentiae
1019 1932 1107 2018 quot

116 2029 300 2129 quantisve
325 2054 444 2100 rerum
470 2030 705 2102 humanarum
723 2028 843 2102 subest
859 2027 1052 2130 adjunctis!

170 2141 208 2211 2⁰
232 2140 306 2212 Nec
340 2165 455 2212 errare
489 2154 609 2239 potest
633 2139 672 2210 in·
695 2141 957 2214 canonizatione
986 2141 1106 2212 Beato·

116 2273 221 2339 rum,
246 2249 294 2320 ita
320 2265 360 2322 ut
385 2247 562 2324 definitiva
588 2248 713 2322 ultimo
739 2250 912 2322 sententia
941 2246 1105 2322 Pontifex

117 2357 328 2430 Sanctorum
354 2357 522 2457 catalogo
536 2358 719 2432 hominem
743 2359 815 2432 vita
841 2357 1015 2484 sunctum,
1041 2355 1103 2454 qui

117 2464 273 2564 beatus
263 2497 302 2540 ur
329 2469 437 2543 Caelis
461 2494 534 2544 ιιοιι
559 2470 628 2561 sit,
653 2468 849 2564 adscribat,
875 2485 912 2540 et
941 2469 1106 2542 universa

118 2577 162 2650 ab
187 2580 344 2652 Ecclesia
368 2581 476 2654 talem
500 2579 621 2652 haberi
654 2579 822 2678 cultuque
856 2577 1018 2676 religioso
1043 2604 1107 2678 pu·

116 2689 210 2763 blico
235 2692 399 2774 honorari
419 2691 559 2790 jubeat:
586 2708 699 2818 atque.
716 2693 794 2763 haec
819 2706 873 2762 est
903 2689 1104 2762 Canonista·

118 2826 199 2874 rum
217 2815 253 2870 et
269 2800 533 2899 Theologorum
550 2803 723 2874 sententia
741 2800 1014 2902 Catholicorum,
1031 2823 1103 2870 cer-

118 2926 155 2982 ta
171 2906 334 2980 saltem
313 2909 566 2987 Ecclesiasticae
592 2909 802 2982 certitudine
819 2891 909 2990 iidei,
925 2905 1042 2999 media
1060 2933 1110 2990 ex.

116 3020 160 3106 D.
186 3019 351 3092 Thoma
341 3035 433 3092 mter
449 3020 637 3094 revelatam
654 3019 851 3118 doctrinam
867 3033 904 3090 et
920 3017 1011 3090 facta
1028 3041 1103 3116 par·

118 3128 284 3224 ticularia3
309 3131 483 3232 quidquid
505 3133 612 3226 enirn,
637 3111 686 3204 ait
709 3129 839 3204 Bened
861 3129 945 3204 XIV
961 3125 1006 3200 de
1022 3129 1109 3200 Bea'

161 3480 214 3532 'A
229 3481 349 3552 ιιιιιςιιίιιι
358 3494 383 3532 et
393 3479 527 3558 sufficere
544 3481 653 3551 liujusce
664 3484 735 3533 vetiti
745 3483 835 3534 videsis
844 3483 1024 3532 enanationem
1034 3479 1103 3550 apud

118 3573 306 3626 Benedictinum
323 3574 442 3626 Calmet
434 3593 461 3625 ιιι
477 3578 589 3645 praesigni
605 3575 713 3627 Diction.
729 3574 823 3658 Biblico
839 3591 863 3624 v.
875 3572 986 3642 sanguia,
998 3581 1024 3624 et
1035 3571 1101 3641 apud

117 3668 237 3722 iacobum
253 3670 391 3722 Tirinmu‘
384 3687 411 3718 m
427 3687 481 3738 cap.
499 3670 602 3722 Genesis
615 3673 643 3750 9
656 3687 680 3722 v
692 3669 717 3736 l,
729 3669 773 3720 ubi
783 3655 864 3718 omnia
876 3667 952 3719 fusius
963 3672 1100 3736 exponunt.

118 3762 218 3814 ‘lamen
238 3779 283 3828 ego
299 3765 383 3831 paucis
399 3763 510 3826 edicam,
527 3763 595 3831 quod
611 3745 682 3815 ictus
698 3763 783 3813 aderat
798 3759 931 3830 prohibitio
947 3780 961 3812 a
981 3763 1106 3828 sanguine

120 3860 188 3908 omni
203 3856 243 3908 vel
260 3856 322 3906 farto
339 3855 378 3906 vel
393 3855 495 3926 liquido,
512 3864 586 3924 atque
602 3859 676 3908 etiam
693 3874 708 3908 a
724 3858 858 3910 morticinis
875 3865 901 3910 et
916 3857 1052 3922 suffocatis,
1068 3867 1098 3904 co

121 3953 178 4018 quia
194 3953 221 4002 in
236 3951 266 4000 iis
282 3951 380 4018 sanguis
396 3957 434 4004 est
450 3935 520 4007 iaus
535 3949 671 4005 adheretu-
