2942 4962
401 501 474 578 202
733 523 792 572 urs.
817 522 854 571 tv
880 518 1042 570 mauroix

449 611 597 688 Ratione
621 611 762 712 imparis
787 607 1002 683 excellentia
1028 606 1237 682 discriminat
1286 643 1289 647 ·

399 724 557 826 religiosa
582 721 736 799 adoratio
761 721 798 795 in
823 715 965 803 latriam
990 746 1032 801 aa
1065 719 1211 794 duliam.

399 834 537 908 cultum
562 833 683 909 dicunt
715 855 921 933 supremum
953 827 1078 921 illu'n'1,
1103 829 1163 927 qui
1187 829 1231 902 D«

400 967 566 1046 supremo
591 941 763 1014 tribuitur.
795 938 908 1014 Duliae
932 963 1041 1032 vero,
1066 941 1127 1038 qui
1151 938 1216 1012 Dei

400 1053 616 1158 impenditur
640 1051 686 1126 ob
712 1077 833 1148 eorum¹
853 1050 972 1151 gratiae
998 1067 1036 1122 et
1053 1051 1180 1152 ,glorioe
1209 1078 1223 1124 ε

400 1165 485 1238 tiam
510 1164 625 1236 minus
653 1185 760 1262 quam
786 1160 940 1237 divinam
965 1175 1002 1234 et
1025 1160 1212 1264 plusquam

398 1274 472 1349 lem
498 1291 534 1348 et
565 1277 778 1346 humanam:
804 1298 883 1372 quae
898 1327 908 1364 ‚
925 1273 1005 1372 quia
1030 1274 1069 1346 in
1096 1271 1223 1347 benedi

399 1407 504 1484 super
528 1383 691 1456 mulieres
716 1383 782 1454 Dei
806 1397 919 1454 matre
945 1384 1165 1483 praestantior
1189 1409 1226 1455 es

398 1497 435 1568 in
462 1496 629 1569 creaturis
655 1494 738 1586 aliis3
764 1491 844 1567 ideo
861 1491 1071 1592 hyperdulia
1089 1492 1215 1568 dicitur

400 1604 491 1704 logis
524 1603 581 1676 illa
615 1603 901 1706 praestantissima
935 1601 1029 1676 dulia
1063 1629 1126 1676 seu
1155 1629 1227 1678 serv

399 1715 565 1809 adoratio,
582 1742 662 1817 quae
687 1717 719 1792 ei
745 1713 893 1812 debetur
918 1729 954 1790 et
979 1712 1177 1816 deputatur.
1194 1715 1273 1806 Quo

399 1853 469 1928 que
494 1853 600 1929 porro
626 1827 666 1899 fit
691 1825 857 1919 adoratio,
882 1825 939 1900 vel
964 1825 1167 1900 absolutam
1185 1825 1380 1927 judicabis,
1458 1868 1459 1926 3

402 1939 458 2016 vel
476 1941 658 2014 mlotivam
669 1967 687 2014 a
699 1939 855 2014 absoluta
872 1940 948 2032 erit,
959 1940 1004 2012 *si
1021 1965 1076 2012 res
1093 1954 1240 2040 propter
1256 1955 1381 2012 semet·

400 2049 513 2149 ipsam
540 2047 647 2124 sibive
672 2051 852 2150 propriam
876 2049 1169 2146 intrinsecamque
1195 2047 1378 2152 perfectio·

393 2184 483 2242 ⁵uem
508 2156 694 2252 adoretur;
720 2163 856 2258 eritque
882 2159 1050 2252 relativa,-
1074 2160 1139 2232 etsi
1165 2161 1243 2232 haec
1273 2159 1379 2232 etiam

399 2267 566 2371 applicari
582 2266 824 2372 denominatio·
836 2271 948 2369 possit
964 2269 1157 2342 adorationi
1173 2269 1271 2342 omni
1288 2294 1377 2343 crea·

397 2389 557 2448 turanum
583 2375 628 2448 ob
654 2396 865 2479 respectum,
890 2405 996 2478 quem
1023 2378 1144 2452 dicunt
1169 2377 1216 2450 ad
1239 2378 1380 2478 Deum,

400 2483 540 2591 quando
566 2509 621 2556 res
647 2485 772 2560 colitur
798 2487 845 2562 ob
862 2513 1021 2588 personae
1038 2489 1194 2589 alicujus,
1211 2485 1255 2584 ud
1272 2512 1379 2588 quam
1459 2499 1460 2508 ’

353 2681 360 2692 ,
399 2622 464 2672 ceu
490 2595 534 2672 ad
558 2612 789 2698 prototypum
818 2598 1021 2677 relationem
1045 2601 1184 2696 habet,
1209 2599 1380 2673 eximium

399 2708 507 2795 decus
541 2734 582 2782 ac
607 2711 784 2808 meritum,
800 2711 844 2786 ab
869 2713 943 2814 ipsa
969 2740 1008 2786 re
1041 2716 1185 2812 signove
1219 2736 1381 2816 personae

399 2823 596 2922 sejunctum
622 2847 662 2894 ac
688 2826 887 2896 extrarium.
913 2825 971 2924 Sic
996 2825 1152 2900 absolute
1177 2829 1325 2927 propter
1341 2849 1379 2897 se

401 2930 486 3007 colis
511 2933 644 3032 Regem
670 2931 875 3028 adstantem3
892 2934 1076 3034 ipsiusmet
1093 2952 1211 3010 autem
1238 2933 1379 3009 exuvias

401 3059 461 3117 aut
483 3059 614 3119 statuas
639 3043 780 3118 relative
806 3044 890 3118 colis
907 3070 948 3118 ac
965 3047 1152 3120 revereris:
1179 3045 1309 3119 Christi
1336 3057 1382 3116 et·

400 3156 470 3227 iam
495 3157 684 3253 imaginem
708 3170 770 3228 aut
795 3181 937 3230 crucem
953 3157 1002 3228 ita
1019 3157 1159 3231 relative
1177 3155 1310 3249 adoras,
1328 3171 1380 3246 ut,

399 3265 471 3364 illic
494 3291 568 3354 nou
593 3267 715 3340 sistens
739 3268 781 3337 in·
794 3267 974 3339 Christum
991 3269 1108 3368 ipsum
1126 3265 1300 3342 redundet
1316 3266 1377 3338 ad·

400 3374 535 3466 oratio,
569 3389 673 3470 atque
698 3375 747 3446 ita
771 3375 885 3447 cultus
909 3374 1020 3447 latriae
1054 3392 1216 3477 respectu
1246 3375 1381 3448 Christi

339 3577 341 3585 A
400 3506 473 3558 non
488 3483 662 3558 *relativus
685 3485 741 3580 sit
757 3483 818 3582 sed
838 3484 989 3584 simplex
1014 3501 1050 3558 et
1075 3486 1264 3559 absolutus.
1290 3484 1382 3578 Qua·

402 3589 576 3668 drifariam
601 3595 733 3668 interea
754 3595 843 3670 hanc
861 3593 982 3694 digero
1000 3595 1254 3668 tractationem.

745 3767 878 3840 Latrim
901 3764 1036 3840 Cultus.

456 3929 484 4025 S.
513 3930 545 4002 1.
570 3926 623 4004 De
649 3928 718 4005 lide
744 3948 798 4006 est
823 3947 959 4022 certum
983 3957 1092 4036 penes
1117 3956 1255 4026 ornnes,
1281 3929 1380 4003 Chri-
