2908 4962
389 547 432 598 ue
458 547 601 598 causer.
615 546 777 598 corrone.
806 585 808 590 .
994 524 1062 600 tat

91 652 168 709 tero
191 645 383 736 peractam.
409 633 503 706 Cum
527 630 722 705 iiseodem
747 631 910 706 loco'alii
927 655 947 705 a
964 632 1070 708 nobis

89 743 253 820 ttaerettei
277 741 516 844 vapulabunt,
540 740 705 817 videlicet
721 757 809 814 tunt⁴
826 740 1072 842 Carpocrates,

90 851 288 944 Corinthus,
303 849 440 945 Rhion,
465 853 530 950 qui
550 849 602 924 ab
612 849 781 926 Ecclesiae
797 850 986 924 cunabulis
1006 868 1070 928 tra·

92 965 268 1058 diderunt,
294 965 474 1040 Christum
498 991 639 1038 merum
666 991 740 1038 esse
757 966 938 1060 hominem
956 993 999 1040 ex
1014 969 1081 1042 Jo··''

89 1079 201 1178 sepho
226 1092 264 1150 ct
287 1078 395 1160 Maria
421 1078 601 1151 communi
625 1077 816 1162 ,hominum
850 1105 949 1152 more
979 1081 1071 1179 geni·
1108 1103 1111 1109 ·

88 1203 189 1281 tum3
216 1187 313 1290 quod
337 1188 433 1262 idem
458 1187 623 1263 adversus
648 1188 807 1290 Deiparae
832 1191 1072 1290 virginitatem

89 1315 229 1372 ructant
253 1299 368 1375 Judaei
392 1314 657 1399 praesumentes,
682 1299 845 1371 Messium
870 1326 915 1372 ex
939 1301 1070 1376 sciente

88 1411 205 1484 virum
221 1411 337 1512 puella
354 1412 592 1484 nasciturum:
618 1426 696 1481 tum
713 1412 854 1506 arianus·
865 1413 1071 1508 Eunomius,

89 1520 327 1594 excucullatus
352 1522 543 1594 Monachus
576 1520 780 1594 lovinionus
792 1577 802 1613 ‚
828 1537 864 1593 et
893 1520 1072 1596 Helvidius

88 1654 108 1700 a
134 1655 264 1727 magno
281 1631 499 1728 Hieronymo
516 1627 705 1722 refutatus3
724 1630 965 1726 qui·Mariam,
980 1648 1073 1731 post

88 1762 197 1837 quam
222 1735 421 1837 prodigiose
447 1738 569 1810 Jesum
595 1737 695 1809 enixa
721 1736 805 1827 fuit,
830 1735 948 1836 plures
973 1764 993 1810 e
1018 1741 1073 1812 Jo

87 1847 202 1947 sepho
227 1845 318 1949 filios
343 1847 545 1947 suscepisse,
570 1871 649 1918 saec.
675 1847 725 1916 IV
750 1844 978 1920 blaterabant
1020 1935 1022 1949 Ι
1052 1853 1068 1870 ”

142 1955 182 2029 3⁰
207 1956 351 2031 tandem
385 1959 478 2031 inter
510 1959 749 2056 Eutychianos
779 1957 949 2050 nonnulli,
983 1957 1072 2032 duce

86 2064 227 2140 Juliauo
262 2066 552 2140 Halicarnassensi
586 2069 776 2168 Episcopo,
801 2067 976 2160 dixerunt,
1001 2094 1073 2142 car·
1129 2058 1132 2064 ’

86 2204 173 2250 nem
186 2179 316 2253 Christi
329 2178 434 2252 luisse
446 2179 748 2280 incorruptibilem
761 2179 797 2253 et
810 2180 1072 2282 impassibilem,

87 2285 261 2388 nullisque
295 2288 475 2366 doloribus
512 2288 709 2383 subditam,
743 2293 841 2389 quasi
875 2290 1073 2372 humanitas

87 2400 128 2472 iu
151 2398 269 2474 Verbo
294 2401 435 2503 penitus
452 2399 615 2503 absorpta
630 2400 762 2496 fuisset,
783 2401 880 2475 unde
894 2399 1074 2501 Aphthun

87 2501 251 2584 todocr'tce
276 2535 337 2584 seu
352 2511 645 2610 Incorrupticolae
662 2510 750 2584 dicti
771 2526 862 2584 sunt
879 2512 928 2584 Et
954 2513 991 2584 hi
1017 2539 1073 2585 au·

88 2622 250 2696 ctoritate
276 2638 313 2696 et
337 2623 471 2698 ratione
502 2619 775 2718 castigabuntur.
800 2622 936 2710 Dehinc
962 2622 1074 2708 cohae-

89 2747 209 2806 renter
236 2731 341 2806 aliam
356 2731 543 2806 libabimus
560 2729 604 2803 de
621 2729 733 2803 forma
760 2731 891 2804 Christi
916 2730 1085 2829 quaestio

89 2871 185 2936 uem,
211 2843 273 2921 ubi
290 2843 442 2944 quidem
475 2870 520 2917 ex
544 2841 700 2939 antiquis
725 2843 793 2914 ΡΡ.
809 2839 972 2914 videntur
997 2861 1075 2941 spe·-
1100 2846 1103 2856 '

88 2955 155 3031 ciei
181 2953 442 3028 delomritatem
459 2955 601 3028 Christo
615 2951 826 3053 adjudicare3
852 2949 993 3049 quidam
1019 2977 1073 3022 au·

89 3079 165 3136 tem
190 3065 403 3138 recentiores
438 3064 557 3137 Critici
588 3091 628 3137 ac
662 3060 844 3160 Theologi,
869 3061 1073 3159 ,Hyacintus

91 3177 251 3275 Serryus,
277 3175 424 3264 Calmet,
450 3176 602 3268 lumin,
627 3172 849 3272 Tournelyus
874 3171 1001 3270 aliique
1035 3171 1073 3243 in

89 3286 126 3359 id
152 3289 337 3360 sententiae
368 3285 607 3388 propendunt,
638 3285 733 3384 quod
766 3286 926 3364 Christus
960 3277 1093 3356 lorma'·

91 3395 196 3468 suerit
220 3421 288 3470 nec
309 3397 493 3496 insigniter
511 3396 672 3496 eleganti,
689 3422 755 3470 nec
772 3396 879 3494 turpi,
897 3395 1010 3493 sitque
1026 3394 1075 3466 iu·

88 3520 241 3598 certum,
258 3531 364 3604 quam
377 3507 522 3606 praecise
535 3507 778 3607 praesetulcrit3
792 3505 849 3576 alii
862 3521 982 3576 tamen
998 3502 1074 3574 Viri

88 3616 305 3715 nuperiores,
330 3614 514 3708 Sandinus,
539 3617 696 3710 Frassen,
720 3618 857 3706 Borma,
883 3613 1010 3703 caeteri,
1035 3611 1074 3684 li·

89 3739 147 3795 cet
170 3721 373 3823 abjudicent
397 3726 537 3799 Christo
556 3725 735 3826 quidpiam
751 3721 921 3796 muliebre
939 3737 975 3792 et
993 3718 1074 3792 alle·

89 3845 236 3922 etatum,
254 3858 324 3930 quo
341 3833 496 3905 carnales
513 3834 604 3906 oculi
622 3835 818 3934 capiuntur,
836 3847 989 3903 attamen
1007 3829 1074 3900 sin·

92 3940 250 4041 gularem
266 3942 317 4018 illi
333 3944 491 4018 tribuunt
515 3937 826 4047 pulchritudinem,
844 3945 879 4016 in
897 3958 977 4044 apta
995 3968 1072 4042 par·
