2932 4970
400 473 452 552 31
740 493 888 544 nnsaar.
910 493 1030 542 raone.
1071 505 1075 515 ·

399 585 500 678 uobis
525 583 716 669 exierunt,
741 581 803 654 sed
826 606 905 654 non.
925 597 1027 682 erant
1052 606 1104 654 ex
1137 579 1259 655 nobis:
1286 583 1322 654 si
1344 590 1406 656 ‘'e-

397 700 473 771 nim
498 692 695 797 perduelles
721 693 890 784 exierunt,
909 720 980 792 quo
1000 710 1105 794 pacto
1131 693 1340 794 perduelles
1362 699 1406 768 in

397 807 553 884 Ecclesia
579 803 801 878 consistunt?
827 806 902 904 ipsu
928 831 1013 903 ergo
1038 805 1222 880 manifesta
1240 809 1401 882 haeresis

398 918 543 994 eosdem
577 914 621 987 ab
646 914 804 988 Ecclesia
830 913 997 988 detrudit.
1022 916 1113 988 Dein
1143 943 1228 990 vero
1252 919 1402 991 Paulus

397 1030 485 1123 vult,
509 1029 701 1102 Haereticos
727 1026 894 1102 devitari:
920 1027 1017 1100 hand
1033 1043 1153 1100 tamen
1170 1029 1307 1104 vitandi
1337 1029 1399 1104 fo-

397 1158 478 1214 rent
490 1195 501 1234 ,
526 1141 555 1212 si
580 1138 763 1214 nobiscum
788 1137 948 1211 membra
975 1138 1132 1238 ejusdem
1158 1139 1400 1215 ecelesiastici
1455 1215 1456 1218 ,

397 1253 557 1354 corporis
582 1266 618 1323 et
642 1250 816 1324 societatis
842 1266 968 1324 essent
994 1251 1052 1324 Sic
1077 1277 1160 1324 cum
1186 1251 1262 1324 aliis
1288 1253 1401 1354 apud·

399 1363 486 1436 Bell.
512 1363 571 1436 SS.
598 1363 769 1434 Doctores
794 1362 1002 1462 Cyprianus,
1027 1364 1275 1463 Hieronymus,
1291 1365 1400 1464 Aug.

398 1471 629 1546 affirmarunt:
648 1470 938 1568 confirmavitque
954 1471 1094 1544 Nicaena
1112 1471 1285 1572 Synodus,
1302 1499 1397 1570 quae·

400 1607 475 1654 can.
502 1584 525 1658 8
549 1597 588 1652 et
614 1582 635 1652 9
663 1578 810 1652 modum
835 1579 1041 1679 praescribit,
1065 1607 1137 1679 quo
1154 1582 1321 1654 Haeretici
1340 1580 1394 1652 ad

398 1688 595 1764 Ecclesiam
611 1687 798 1762 redeuntes
813 1686 980 1762 Ecclesiae
998 1688 1287 1781 reconcilientur;
1305 1715 1396 1762 nec-

399 1823 472 1871 non
498 1797 882 1900 Constantinopolitano
917 1825 992 1872 can.
1019 1801 1067 1891 6,
1096 1797 1157 1870 ubi
1190 1800 1395 1873 Haereticos

396 1908 549 2010 appellat
573 1909 753 1986 abdicatos
777 1910 823 1984 ab
850 1911 1038 1998 Ecclesia,
1063 1911 1226 1998 avulsos,
1252 1909 1389 1986 ahsen-

395 2045 472 2094 sos:
488 2021 593 2120 quod
608 2024 720 2122 magis
736 2024 774 2095 in
790 2022 977 2124 Apostatas
995 2021 1181 2122 quadrare,
1198 2049 1305 2096 nemo
1324 2023 1389 2096 vel
1417 2039 1420 2048 '

396 2132 505 2230 stipes
530 2134 758 2233 stupidusque
783 2161 857 2208 non
883 2136 999 2207 sentit.
1024 2133 1201 2233 Equidem
1217 2136 1396 2209 haeretici·

395 2242 558 2316 homines
583 2258 620 2314 et
644 2245 837 2345 Apostatee,
855 2262 895 2318 ut
910 2244 1026 2319 verbis
1051 2246 1149 2319 Pauli
1173 2245 1308 2345 loquar,
1324 2251 1396 2320 cir·

396 2376 442 2424 ca
453 2352 573 2446 <fidem
598 2354 916 2453 nmq‘ragaverunt,
932 2383 1000 2430 nec
1017 2357 1261 2431 coadunantur
1286 2361 1324 2431 in
1343 2387 1396 2430 u··

394 2461 486 2536 nius¹
499 2461 582 2535 fidei
607 2465 802 2538 christianae
828 2466 1068 2566 professione,
1094 2485 1134 2540 ut
1158 2467 1265 2540 habet
1301 2467 1388 2540 defi»

395 2573 494 2667 nitio,
519 2599 626 2673 quam
651 2603 755 2678 supra
780 2578 1028 2679 produximus:
1055 2604 1140 2679 ergo
1166 2579 1293 2651 necin
1318 2581 1388 2652 Ec·

395 2682 513 2758 clesiae
548 2712 633 2762 voce
659 2705 696 2760 et
722 2691 858 2788 gremio
888 2690 1259 2790 comprehenduntur;
1286 2689 1396 2789 quid-¹

395 2794 483 2894 quid
505 2798 554 2870 sit
578 2799 622 2873 de
647 2827 687 2873 ea
703 2803 797 2874 Jun's
814 2803 974 2876 canonici
991 2804 1194 2901 quaestione,
1220 2829 1327 2900 quarn
1344 2819 1386 2874 et

393 2932 459 2982 nos
484 2908 565 2984 alibi
582 2914 805 3016 attingemus,
822 2943 909 2988 num
926 2916 1054 2989 notorii
1071 2915 1121 2986 illi
1140 2930 1295 2987 errantes
1312 2942 1394 2987 ser·¹

391 3035 524 3098 ventur
544 3022 676 3100 saltem.
693 3053 735 3098 ac
751 3043 917 3099 maneant
937 3027 974 3096 in
990 3055 992 3060 ·
994 3024 1237 3125 jurisdictione
1263 3023 1395 3116 Eccle·3

350 3179 355 3188 ·
392 3127 464 3218 siae,
489 3127 603 3204 donee
628 3159 647 3204 a
669 3133 1049 3230 judice-eeclesiastico
1067 3159 1230 3233 expresse
1257 3149 1293 3204 et
1318 3153 1394 3232 post
1456 3169 1457 3172 ¹

390 3235 482 3316 blico
506 3237 758 3316 denuntientur
783 3246 937 3316 extrusi:
963 3245 1000 3314 in
1028 3270 1099 3342 quo
1124 3244 1194 3318 late
1215 3243 1379 3318 Bellarnr.

392 3343 417 3418 l.
445 3347 538 3422 ade
564 3351 605 3422 R.
630 3354 732 3426 Pont.
759 3381 788 3427 c.
816 3355 876 3429 30.
1286 3429 1292 3442 ,

434 3457 613 3532 Attamen
636 3461 681 3534 de
707 3464 885 3564 Apostolis
906 3492 947 3538 ac
964 3467 1148 3540 Haereticis
1166 3464 1313 3538 occultis
1329 3462 1391 3542 ‹ll-²

390 3567 587 3643 versimode
609 3572 839 3673 judicandum
865 3593 928 3666 est;
959 3577 1032 3675 qui,
1058 3593 1232 3675 quatenns
1256 3573 1393 3647 Eccle-¹

388 3676 555 3754 siaeffnon·
573 3683 791 3786 refragantur
817 3689 1042 3782 extrinsecus,
1068 3713 1134 3761 nec
1155 3681 1337 3760 ‘abstinent
1354 3713 1391 3756 a*

391 3784 458 3858 Dei
484 3806 629 3867 externo
655 3796 752 3868 cultu
778 3811 815 3868 et
840 3797 1004 3870 societate
1031 3795 1230 3887 Fidelium,
1257 3792 1374 3892 quoad

390 3894 526 3976 visibile
551 3927 678 4003 corpus
704 3905 865 3980 membra
889 3906 1055 3981 Ecclesiae
1074 3903 1299 4004 deputantur.
1356 3930 1387 3964 π
