2908 4962
256 535 299 582 nr
317 525 535 580 nncrssrrurn
553 534 594 579 nr
612 531 723 579 censis
740 533 865 580 monus.
1009 513 1058 586 83
1080 535 1083 544 ·

79 645 143 693 suo
168 623 219 690 vel
242 623 347 691 alieno
371 627 512 708 peccato,
527 622 629 690 etiarn¹
647 620 775 701 veniali,
794 621 962 716 condigne
981 629 1058 692 sutis

75 726 144 792 Deo
168 725 270 790 seruere
294 722 644 810 potueris-incarnatio
668 719 778 802 Verbi,
794 725 898 808 posito
928 725 1059 793 decreto

73 827 300 896 satisfactionis
325 835 492 907 accurate,
515 825 703 911 simpliciter
727 827 903 892 necessaria
929 827 1004 910 fuit,
1021 842 1059 896 ut

72 933 142 1002 haec
166 919 285 998 dirime
306 929 393 996 laesae
416 929 573 1017 majestati
600 927 813 996 exhiberetur.

88 1101 90 1108 ’
123 1067 227 1142 Prob.
253 1095 273 1140 e
304 1067 338 1138 S.
368 1067 452 1138 Litt.
486 1062 696 1137 antecedens
726 1062 829 1135 simul
855 1079 891 1135 et
917 1069 1057 1165 sequela

73 1179 333 1282 Propositionis
349 1179 405 1250 Ps.
431 1179 479 1249 48
506 1177 599 1248 canit
615 1173 797 1248 Psalmista
810 1201 819 1247 ι
832 1175 958 1271 frater
981 1200 1055 1252 iton

73 1289 227 1375 redimit,
253 1285 398 1360 redimet
423 1283 549 1372 tome·
574 1283 664 1356 idest
681 1284 832 1356 redimet
848 1285 966 1378 homo,
984 1315 1055 1362 nou

6 1407 7 1414 ’
74 1398 182 1472 homo
204 1397 337 1485 roudus,
354 1393 613 1493 conprophetis
629 1421 691 1470 secr
709 1397 895 1493 legislator,
923 1399 1017 1472 sedl
1048 1445 1059 1460 ·

73 1533 133 1582 mo
159 1511 273 1595 Deus,
298 1523 338 1578 ut
363 1531 446 1579 cum
471 1505 597 1578 Basilio
615 1520 812 1603 ¹sanctoque
829 1505 975 1581 Paulino
1000 1509 1058 1582 hlii

74 1622 245 1693 Doctores
270 1620 557 1718 interpretantur.
580 1615 868 1717 Apostolusvero
886 1620 1057 1694 rationem

73 1730 223 1804 reddens
248 1756 323 1829 cap.
350 1728 393 1799 ad
418 1730 520 1800 Rom.
545 1729 591 1819 H,
616 1728 666 1801 sic
691 1728 749 1798 ait:
775 1729 853 1824 quis
874 1734 977 1826 prior
998 1729 1056 1806 de·

72 1845 124 1916 dit
149 1843 216 1930 illi,
240 1858 274 1914 et
298 1839 510 1912 ‘retribuetur
533 1841 593 1912 ai?
617 1843 798 1936 quoniam
814 1867 866 1912 ex
882 1844 968 1938 ι’ρεο,
986 1847 1055 1942 pri·

72 1979 134 2027 mo
159 1979 278 2026 rerum
304 1968 456 2044 auctore,
481 1967 517 2024 et
538 1953 750 2054 peripsum,
773 1953 927 2050 primum
949 1957 1057 2055 cujus·

72 2064 218 2164 querci
243 2062 453 2134 directorem
479 2061 709 2157 omrrinmque
743 2059 994 2156 mediatorem,
1023 2081 1058 2139 ct

72 2179 109 2247 in
136 2177 221 2272 ipso,
246 2173 361 2245 omnis
386 2170 610 2271 perfectionis
635 2169 771 2265 abysso,
786 2185 883 2242 ‘ruric
913 2173 1058 2266 omnia,

72 2311 151 2383 quae
176 2285 285 2356 homo
310 2281 427 2371 habet,
477 2296 611 2353 iraturae
625 2294 673 2350 'et
699 2279 818 2374 gratiae
836 2278 938 2353 dorna.
955 2282 1053 2381 Ergo

73 2394 211 2481 nonnisi
240 2411 285 2466 ex
299 2392 411 2466 honis
444 2391 639 2482 creditoris,
672 2389 738 2461 Dei
772 2390 914 2482 scilicet,
947 2393 1056 2466 homo

72 2521 189 2607 potest
213 2505 345 2580 solvere
372 2503 532 2576 debitum
558 2529 623 2602 pro
649 2519 796 2601 peccato
822 2528 886 2574 suo
904 2503 960 2578 vel
978 2505 1057 2576 alie-

72 2621 128 2710 no,
144 2643 317 2715 nusquam
334 2639 418 2690 vero
436 2613 632 2688 satisfacere
659 2613 702 2685 de
720 2613 897 2712 condigno
914 2629 951 2687 et
967 2619 1056 2714 rigo

71 2755 148 2802 rose
173 2729 323 2828 poterit:
359 2743 412 2799 est
437 2727 532 2798 enim
558 2725 747 2798 satisfactio
774 2727 928 2823 rigorose
958 2756 974 2796 o
995 2725 1054 2799 illa

6 2889 15 2904 t
71 2840 197 2913 solutio
222 2839 415 2914 voluntaria
433 2865 477 2910 ex
494 2839 644 2939 propriis
662 2854 698 2909 et
714 2837 853 2910 aliunde
870 2866 943 2912 non
961 2837 1058 2911 debi-

72 2950 126 3038 tis,
153 2959 231 3046 quae
257 2975 330 3021 non
356 2947 470 3020 solum
495 2947 649 3018 restituit
674 2945 982 3038 ablutum‚'verum
1008 2965 1058 3021 et·

70 3057 165 3148 iam,
190 3056 329 3128 reddito
359 3057 492 3128 honore
518 3054 760 3152 aequivalente,
785 3057 948 3156 injuriam
975 3057 1057 3130 irro'·

71 3181 186 3264 getam
202 3166 359 3266 perfecte
376 3181 554 3238 restaurat.
583 3195 600 3236 n
621 3166 745 3263 Itaque
768 3164 862 3237 solus
879 3163 916 3236 id
939 3181 1058 3264 potest

70 3279 167 3350 Deus
192 3279 321 3351 homo:
350 3277 395 3351 nd
424 3281 492 3350 hoc
525 3279 633 3376 igitur
666 3277 863 3350 Incernntio
898 3303 1057 3350 necessa·

70 3389 118 3458 lia
145 3387 221 3460 suit.
247 3387 339 3461 Hinc
365 3389 409 3460 ad
435 3413 521 3476 rem,
539 3379 621 3486 post
646 3385 829 3484 Aiighierii
855 3412 954 3458 sensa
980 3390 1059 3486 plic-

70 3497 145 3568 tice¹
163 3497 268 3568 simul
294 3513 330 3568 et
357 3496 552 3594 theologice
578 3522 741 3596 expressa
769 3496 897 3569 Parad.
924 3522 953 3568 c.
981 3495 1058 3584 Vll,

70 3629 204 3676 avers.
232 3607 386 3676 maxime
413 3607 460 3676 88
488 3601 532 3675 ad
561 3607 657 3696 tto,
687 3629 778 3676 nova
812 3603 923 3678 Italiac
951 3602 1059 3702 gloria

70 3715 275 3788 Mannonius
299 3717 336 3788 in
361 3714 418 3788 od.
445 3714 488 3786 de
514 3716 626 3788 Nativ.
652 3716 817 3788 Domini:

347 3913 359 3938 u
380 3891 444 3956 Qunl
463 3894 509 3941 mni
527 3893 561 3941 fra
579 3896 586 3941 l
606 3897 655 3942 irati
672 3893 781 3960 ull'oclto,

237 3985 240 3990 '
278 3979 280 3988 ‘
348 3997 360 4024 c
379 3977 444 4044 Qual
461 3997 502 4030 cra
520 3965 567 4030 rrrar'
585 3996 703 4046 persona,
