2942 4962
385 526 458 598 toa
635 547 696 592 tn.
722 546 755 593 rv
782 541 949 591 sncrroms
975 544 1054 593 vc
1079 545 1091 589 r

385 663 430 708 ne
452 635 618 730 gramini,
641 631 781 726 eligitur
803 627 848 701 ab
873 629 1031 726 aliquo
1018 655 1055 700 ιη
1082 627 1203 700 locam
1224 627 1294 720 filii
1318 645 1360 710 et

385 746 433 816 ad
452 747 632 840 propriam
657 740 905 812 lzaereditatem.

435 857 607 926 Poneutes
633 855 750 948 itaque
779 848 969 922 Nestoriani
1005 847 1091 919 duas
1118 818 1284 946 personas
1316 849 1355 920 in

388 963 537 1055 Christo,
563 963 649 1034 duos
675 984 812 1056 quoque
838 957 937 1049 filios,
953 956 1157 1029 naturalem
1167 983 1288 1049 unum,
1304 958 1357 1028 in-

387 1075 526 1149 sitivum
560 1070 749 1144 alterum
741 1095 777 1139 1n
812 1067 936 1140 eodem
962 1068 1241 1140 constituebant:
1267 1079 1357 1141 eam·

289 1169 290 1172 Ἴ
388 1181 537 1280 demque
558 1205 786 1279 personarum
803 1203 843 1248 ac
860 1177 1011 1249 filiorum
1028 1177 1064 1246 in
1081 1175 1219 1248 Christo
1237 1174 1356 1247 distin·

388 1283 541 1364 ctionem
555 1290 677 1361 saltem
689 1289 857 1362 indirecte
879 1287 1191 1378 comminiscentes,
1206 1287 1356 1384 ideoque

386 1418 421 1474 et
446 1418 622 1476 veternosa
649 1399 734 1472 laece
759 1399 913 1499 perfidiae
939 1399 1176 1496 contactiiut
1193 1397 1264 1470 sere
1281 1423 1356 1470 om-

385 1539 446 1584 nes
468 1511 649 1610 judicant)
675 1511 773 1588 Felix
797 1509 924 1608 praesul
950 1509 1079 1608 Orgehi
1104 1525 1139 1580 et
1162 1508 1358 1609 Elipandus

390 1625 573 1722 episcopus
599 1620 714 1694 Toleti
740 1620 957 1692 tradiderunt
982 1621 1109 1694 saeculo
1126 1622 1209 1692 VIII
1234 1647 1358 1692 exeun·

389 1750 436 1824 te,
462 1735 639 1804 Christum
665 1734 795 1824 Iesum,
812 1757 879 1830 qua
904 1735 1011 1804 homo
1028 1747 1081 1804 est
1082 1730 1359 1832 ,appellandum

388 1867 460 1912 esse
486 1842 612 1913 lilium
639 1843 702 1913 Dei
728 1867 799 1913 non
825 1842 1028 1932 naturalem,
1054 1842 1114 1914 sed
1140 1841 1356 1942 adoptatum3

390 1977 496 2048 quam
522 1951 681 2023 haeresim
706 1949 900 2021 Hadrianus
926 1951 1019 2049 Papa
1044 1968 1080 2022 et
1106 1952 1213 2024 Cone.
1230 1950 1363 2022 Frana·

386 2051 557 2133 sordiense
584 2062 699 2159 Magni
725 2061 789 2132 sub
808 2061 922 2134 Caroli
938 2063 1120 2160 praesentia
1139 2087 1179 2134 ac
1194 2060 1358 2162 praesidio

387 2170 641 2244 condemnavit.
668 2173 758 2242 Huic
783 2171 964 2244 Felicianae
981 2169 1135 2270 perfidiae
1161 2170 1247 2268 quid
1280 2196 1359 2243 con·

385 2303 510 2347 sonum
537 2280 663 2349 tinnire
688 2278 826 2350 videtur
843 2281 938 2352 Scoti
955 2296 991 2350 et
1006 2279 1160 2350 Durandi
1178 2279 1265 2352 dura
1282 2305 1358 2351 sen-

388 2387 507 2476 tentia,
535 2389 724 2479 Christum,
750 2405 918 2485 quatenus
944 2407 996 2461 est
1018 2393 1137 2481 homo,
1154 2391 1235 2463 licet
1252 2391 1357 2464 etiam

384 2500 451 2569 hoc
477 2514 580 2596 pacto
607 2498 651 2567 sit
676 2523 757 2569 vere
783 2499 890 2569 Filius
915 2501 979 2570 Dei
1004 2500 1178 2591 naturalis,
1203 2525 1304 2600 posse
1322 2501 1358 2569 fi-

383 2593 474 2676 lium'
497 2605 564 2677 dici
590 2603 803 2706 adoptivum3
829 2605 920 2679 idest
944 2634 1016 2680 non
1042 2609 1270 2708 specificative
1295 2605 1358 2678 sed

384 2713 654 2815 reduplicative,
678 2717 832 2816 inspecta
858 2719 1009 2788 humana
1034 2717 1125 2790 illius
1150 2735 1272 2789 natura
1297 2717 1357 2786 hu·

381 2825 506 2923 jusque
525 2826 632 2924 gratia
650 2827 905 2898 sanctificante:
933 2825 1027 2926 quod
1053 2825 1169 2898 tam'en
1189 2823 1357 2924 loquendi

388 2951 705 3034 temperamentum
731 2936 855 3008 Scotus
873 2938 994 3009 evitari
1007 2935 1120 3034 jubet,
1137 2935 1293 3034 quamvis
1310 2959 1358 3004 es·

389 3035 425 3114 se
451 3042 547 3134 illud,
568 3071 634 3141 per
656 3043 842 3132 subtilem,
868 3047 916 3146 ait
940 3047 1111 3137 Petamus,
1135 3061 1169 3116 et
1192 3058 1358 3140 argutam

393 3155 487 3236 vocis
513 3157 844 3248 interpretationem,
870 3153 913 3224 ab
938 3155 1062 3226 haeresi
1086 3177 1235 3227 vacuum
1247 3205 1258 3242 ,
1283 3175 1360 3222 sen·

384 3261 472 3330 tiant
497 3262 688 3331 etiamnum
713 3263 786 3330 Viri
813 3261 916 3333 docti.
942 3263 990 3332 Os
1007 3262 1185 3332 incautum
1204 3256 1360 3331 Durandi

385 3385 419 3440 et
439 3370 589 3468 junctim
615 3396 653 3440 os
678 3373 876 3441 inconstans
902 3395 942 3442 ac
967 3369 1128 3469 putidum
1144 3367 1278 3457 Felicis,
1296 3369 1360 3464 qui

388 3478 479 3577 apud
503 3479 716 3576 Lugdunum
742 3478 883 3551 exulans
909 3505 969 3552 sua
994 3481 1031 3550 in
1049 3480 1181 3570 haeresi,
1197 3476 1240 3548 ab
1258 3473 1360 3550 disci-

387 3588 471 3689 pulo
497 3605 615 3660 tamen
640 3587 811 3688 Elipando
837 3592 983 3690 rejecta,
1008 3589 1201 3663 obstinatus
1226 3586 1360 3678 obivit,

386 3697 577 3795 castigabit,
603 3697 761 3769 obstruet
787 3724 933 3798 sequens
960 3699 1109 3770 assertio.
1128 3699 1193 3770 Cui
1219 3696 1283 3768 alia
1308 3720 1360 3768 ac-

384 3808 484 3882 cedet
510 3808 553 3880 de
579 3809 746 3909 dignitate
773 3835 816 3908 ac
838 3809 950 3883 officio
978 3809 1106 3907 Capitis
1134 3811 1169 3882 in
1195 3809 1357 3898 Christo,
1460 3815 1462 3818 ’

385 3940 424 3993 ut
449 3922 491 3994 de
519 3923 647 3996 Christi
673 3922 798 3997 Titulis
814 3923 970 3997 instituta
986 3921 1190 4024 disceptatio
1206 3921 1357 3994 finiatur.
1418 3958 1422 3966 ·
