2908 4962
152 506 155 514 “
260 529 263 534 ’
380 535 424 583 nn
449 532 581 584 enmsrr
606 531 755 582 corrone
983 507 1076 584 139‘

68 625 142 698 111⁰
150 634 433 722 coagmentatum
457 619 502 690 in*
520 619 638 692 Mariae
654 620 732 691 sinu
748 619 929 718 virgineo,
955 638 1060 700 terre

151 762 238 808 num
262 733 346 806 hinc
371 747 564 831 natumque
586 757 686 804 exea
704 757 842 833 corpus,
858 735 896 806 in
913 737 1055 838 ejusque

151 845 346 916 animatum
372 855 483 933 utero,
508 839 574 918 sibi
599 839 703 913 fuisse
729 839 955 938 devinctum3

70 953 139 1026 lV⁰
151 951 239 1026 illud
263 953 369 1025 etiam
395 976 532 1052 corpus,
557 950 654 1022 illam
679 967 716 1024 et
739 954 894 1026 animam
911 956 1003 1030 inter
1019 983 1058 1032 se

152 1059 297 1160 quidem
322 1061 419 1132 unita
436 1057 680 1160 adsumpsisse,
697 1075 738 1132 ut
753 1087 821 1134 una
833 1059 1009 1162 perfecta
1009 1079 1059 1138 te·

116 1168 221 1240 lem
255 1167 302 1242 ob
335 1170 504 1242 unionem
538 1169 736 1242 humanitas
762 1188 1040 1272 componeretur
1045 1217 1068 1269 ,·-
1180 1166 1181 1170 ¹

144 1277 396 1354 efflorescent„

77 1393 138 1464 V.
156 1393 249 1466 Cum
273 1395 352 1467 haee
376 1407 496 1466 nostra
521 1393 703 1491 hucusque
728 1391 816 1466 fides
841 1394 948 1467 sitin
974 1397 1067 1470 Seri²

150 1504 263 1602 pturis
288 1527 462 1602 expressa,
479 1527 523 1574 ex
549 1498 673 1574 eadem
690 1501 893 1602 eisdemque
910 1504 1060 1578 insertur

152 1613 344 1710 gloriosum
372 1614 505 1695 Christi
531 1639 659 1713 corpus
683 1615 722 1685 in
747 1613 839 1688 coelo
874 1643 968 1690 nunc
994 1617 1065 1690 exi·

124 1736 249 1792 stens
270 1738 346 1793 tum
364 1747 467 1794 carne
486 1724 669 1820 carnisque
687 1721 800 1796 sorma
817 1749 857 1796 ae
871 1724 1059 1802 lineamen·
1119 1785 1121 1788 .

43 1845 45 1850 '
154 1831 210 1922 tis,
237 1847 320 1902 tum·
339 1833 507 1930 sanguine
533 1858 574 1905 ac
600 1832 815 1905 naturalibus
845 1835 1058 1934 0131111101-

154 1937 317 2046 sibusque
343 1947 526 2032 constare3'
592 1993 596 2000 -
1024 1971 1026 1974 ·

73 2047 141 2118 Vl⁰
154 2062 273 2120 tamen
299 2048 491 2148 gloriosis
482 2067 547 2124 rste
573 2053 691 2125 onmia
709 2051 960 2152 qualitatibus,
985 2051 1059 2127 lon·

153 2179 196 2252 ge
223 2155 365 2232 diversis
391 2157 481 2230 ab''
460 2187 512 2252 ns,
540 2185 625 2260 quas
650 2177 732 2233 ante
762 2164 1057 2236 resurrectionem

150 2264 355 2361 habuerant,
380 2269 645 2373 praecellentius·
663 2297 770 2372 quam
795 2272 833 2342 in
858 2272 992 2345 caeteris
1009 2295 1059 2344 re-

151 2381 370 2477 surgentium
395 2383 611 2483 corporibus,
628 2411 668 2457 ae
687 2383 863 2483 generales
889 2399 987 2456 extra
1010 2381 1059 2457 le·
1140 2377 1142 2382 ’

152 2513 213 2585 ges
230 2506 364 2564 naturae
386 2493 556 2586 animalis,
573 2493 661 2567 affici
677 2495 863 2592 ornarique
881 2493 1058 2568 divinitus.
1069 2533 1081 2573 ς

90 2636 93 2644 ·
126 2601 243 2690 Quam
268 2601 434 2702 perbelle,
451 2628 557 2703 quam
583 2604 739 2704 perbene
766 2605 882 2704 quoad
904 2596 985 2678 duos
999 2629 1075 2704 pon

74 2725 204 2783 strema
226 2712 446 2810 ‘Augustinus
464 2741 518 2814 ep.
538 2714 609 2788 205
637 2715 682 2788 ad
700 2717 944 2788 Consentium!
965 2715 1058 2786 Cum

75 2821 172 2894 dicat
196 2821 256 2916 ibi,
280 2827 357 2922 Ego
383 2827 535 2898 Domini
559 2850 688 2924 eorpus
714 2830 764 2898 ιἰα
791 2830 829 2898 in
863 2826 960 2898 Coelo
984 2849 1067 2898 esse>

76 2930 196 3018 credo,
222 2949 263 3004 ut
287 2947 363 3006 erat
387 2937 425 3006 in
452 2949 557 3022 terra,
583 2935 726 3031 quando
754 2935 913 3007 ascendit
929 2935 967 3004 in
987 2930 1060 3003 Goe·
1149 3007 1150 3010 ,

78 3037 174 3128 lirum
190 3041 278 3114 whaee
302 3041 519 3114 itemhabet
543 3040 696 3114 ibidem:
724 3043 766 3117 Si
795 3043 895 3112 vestis
912 3039 1058 3112 Israeli·

76 3165 197 3236 tarum
218 3177 285 3250 per
308 3168 361 3226 tot
384 3177 500 3227 annos
526 3156 565 3226 in
591 3178 708 3226 eremo
734 3153 810 3224 sine
836 3153 962 3222 tritura
985 3173 1059 3222 esse

70 3266 202 3360 pemit,
227 3267 258 3336 si
284 3266 474 3336 morticina
492 3264 599 3364 pellis
612 3266 954 3337 calceamentorum
969 3275 1059 3332 tam·
1098 3293 1099 3298 ¹

77 3373 140 3444 diu
164 3376 240 3446 sine
266 3374 344 3449 labe
369 3375 510 3448 duravit
522 3405 539 3466 ,·
558 3392 675 3476 potest
705 3377 825 3474 ntique
851 3375 949 3446 Deus
974 3395 1058 3469 quo·

77 3484 245 3558 numlibet
269 3511 485 3584 corporum,
503 3513 573 3586 per
595 3505 773 3586 quantum
799 3485 948 3558 voluerit
973 3498 1067 3556 tem·

70 3621 157 3694 pus,
183 3599 429 3700 incorruptam
447 3599 659 3698 protendere
676 3597 900 3698 qualitatem,
918 3595 1061 3684 Quanto

76 3707 114 3784 id
139 3709 252 3806 magis
275 3725 381 3810 etque
407 3709 633 3784 excellentius
658 3711 695 3782 in
722 3710 862 3783 Christo
899 3704 1060 3782 redivivo

78 3823 194 3920 potuit
211 3819 404 3895 indentur
428 3819 629 3895 Ludovicus
654 3817 864 3897 Le-Greud.
