2932 4970
389 463 439 540 52
736 479 884 530 nissum.
912 479 1030 528 monn

386 572 548 650 Ecclesia
574 567 731 656 docens,
759 565 894 664 Corpus
925 565 1060 658 scilicet
1089 563 1379 662 Episcoporum,

385 690 466 786 qni,
491 698 554 756 aut
579 683 617 753 in
646 678 806 752 Concilio
832 693 896 748 (ιιιι
920 679 1026 748 enno
1052 690 1278 774 spectentur,
1303 679 1378 752 no-

386 821 495 874 mano
519 792 686 887 Pontifici
701 788 914 862 adhereant.
932 789 995 860 llis
1012 789 1107 860 enim
1126 815 1186 860 seu
1203 788 1377 863 Ecclesiae

381 907 524 982 docenti
535 959 549 993 ‚
573 928 646 976 non
672 900 746 972 aliis
772 927 833 972 seu
858 897 1027 970 Ecclesiae
1052 898 1211 990 discenti,
1237 897 1377 970 dietum

384 1029 679 1120 praeceptumque
706 1010 809 1082 suita
827 1010 980 1101 Christo,
1004 1008 1124 1081 docete
1149 1031 1274 1080 omncs
1290 1033 1376 1104 gen·

358 1145 461 1226 ⁴tes;
479 1113 607 1224 'eisque
633 1138 772 1195 tantum
799 1147 835 1194 se
862 1120 1054 1192 aliuturum
1079 1117 1270 1219 spopondit
1295 1144 1372 1218 per·

383 1253 491 1340 petua
518 1260 598 1335 ope,
623 1259 668 1304 ne
694 1246 870 1304 errarent:
895 1255 977 1303 ecce
998 1255 1061 1328 ego
1082 1227 1264 1302 vobiscum
1289 1253 1373 1300 snm

382 1345 551 1424 omnibns
576 1341 698 1417 dicbus
724 1366 835 1439 usque
864 1340 912 1412 ad
936 1343 1285 1414 consummationem
1310 1364 1373 1412 sce·

381 1463 467 1552 culi.
492 1454 588 1548 Quid
606 1453 705 1555 plura
722 1479 924 1552 congeram,
942 1453 1072 1552 quidve
1098 1450 1243 1524 moror?
1270 1452 1372 1549 tugis

320 1563 326 1578 ⁸
379 1576 457 1650 DD.
474 1568 614 1647 traditio
632 1583 669 1640 et
685 1568 985 1640 constantissimus
1001 1564 1168 1639 Ecclesiae
1185 1591 1268 1636 usus
1279 1565 1373 1636 hanc

379 1684 572 1760 maximam
596 1679 780 1752 veritatem
798 1692 1094 1750 commonstrant:
1113 1675 1244 1775 quippe
1262 1672 1305 1744 ah
1321 1673 1389 1750 in,

380 1798 446 1872 itio
470 1793 516 1870 ad
541 1817 605 1865 nos
631 1815 743 1888 usque
769 1789 959 1887 Religionis
976 1787 1224 1862 controversiae
1246 1811 1373 1858 omnes

376 1908 509 2011 judicio
535 1901 629 1977 finali
655 1917 692 1973 et
715 1901 958 1974 irretractabili
976 1929 995 1972 a
1012 1899 1093 1972 solis
1111 1897 1267 1969 Summis
1283 1898 1372 1970 Pon·

378 2017 532 2104 cilicibus
566 2029 603 2085 et
631 2012 818 2112 Episcopis
844 2013 1042 2085 terminatae
1067 2008 1164 2082 nullo
1189 2034 1263 2081 non
1292 2035 1371 2082 aevo

375 2132 521 2226 ¹fuerunt
533 2183 544 2220 ‚
568 2139 609 2200 ut
631 2124 914 2196 Ecclesiasticnm
938 2124 1119 2196 historiam
1151 2119 1371 2221 pervolventi

377 2255 487 2342 putet„
512 2238 606 2309 Hinc
623 2259 690 2306 nec
716 2235 896 2334 Scriptura
914 2235 1030 2326 Sacra,
1053 2259 1120 2306 nec
1137 2234 1292 2336 privatus
1309 2259 1370 2306 cu·

376 2354 504 2452 jusque
531 2346 685 2446 spiritus,
710 2345 819 2444 priori
837 2345 959 2418 utalia
984 2347 1129 2418 Dissert.
1155 2347 1290 2442 monui,
1310 2373 1369 2418 ne·

381 2485 450 2559 que
476 2455 570 2530 ullus
595 2455 761 2555 princeps
787 2453 960 2528 saecularis
987 2473 1069 2528 sunt
1090 2454 1225 2556 judices
1247 2483 1367 2558 supre-

379 2569 433 2642 mi
468 2564 786 2639 controversiarum
820 2562 911 2636 fidei.
939 2567 1070 2638 Creant
1094 2581 1214 2637 autem
1240 2592 1285 2638 ex
1309 2567 1367 2639 his

377 2676 535 2778 judicem
561 2674 619 2748 alii
645 2673 753 2746 alium
777 2673 991 2766 Novatores3
1016 2673 1212 2748 Ecclesiam
1247 2701 1377 2774 super·-

307 2777 309 2784 ⁴
379 2785 518 2860 hientes
543 2782 749 2876 excludunt,
774 2799 811 2855 et
836 2785 887 2857 sic
916 2785 1101 2883 insigniter
1129 2799 1267 2876 errant,
1292 2810 1366 2884 pes·

380 2900 469 2972 sime
496 2895 757 2970 exauctorando
782 2898 979 2969 maximum
997 2896 1165 2970 Ecclesiae
1192 2895 1364 2968 tribunal:

379 3010 478 3108 cujus
503 2995 711 3081 auctoritate
736 3005 905 3081 Ecclesiae
922 3007 1017 3080 nulla
1036 3023 1089 3080 est
1114 3006 1180 3078 alia
1197 3011 1309 3107 major
1326 3009 1364 3079 in

379 3119 493 3208 terris,
518 3141 633 3212 neque
658 3117 708 3186 ita
725 3130 787 3186 aut
805 3115 1025 3214 objectorum
1051 3115 1278 3189 multitudine
1305 3143 1365 3218 pa·

378 3244 470 3320 tens,
483 3242 544 3297 aut
560 3251 710 3296 numero
727 3225 957 3324 vastitateque
974 3230 1159 3326 regionum
1175 3231 1363 3330 imperans

379 3364 443 3422 seu
467 3338 505 3408 in
531 3334 769 3408 decisionibus
795 3337 843 3408 sic
868 3354 996 3438 potens
1013 3357 1049 3412 et
1065 3342 1283 3433 inconcussa,
1301 3369 1362 3414 seu

379 3449 417 3546 in
441 3447 629 3550 praeceptis
655 3463 759 3546 atque
794 3447 985 3548 disciplinis
1011 3452 1060 3524 sic
1094 3453 1362 3552 irrefragabilis;

379 3557 452 3632 sive
477 3557 514 3628 in
530 3557 686 3658 praemiis
711 3555 797 3630 adeo
823 3557 1007 3657 magnifica
1024 3564 1164 3662 suisque
1190 3566 1226 3635 in
1247 3567 1363 3665 poenis

380 3661 468 3738 adeo
494 3663 679 3757 terribilis3
705 3665 835 3739 velita
862 3693 961 3740 suam
987 3668 1032 3742 ob
1068 3671 1275 3772 dignitatem
1305 3702 1362 3746 au·

381 3789 493 3875 gusta,
518 3801 618 3849 suam
644 3775 690 3849 ob
716 3777 888 3880 originem
917 3779 1069 3854 coelestis
1094 3798 1199 3882 atque
1226 3771 1361 3860 diuina!

291 3977 292 3982 Ἰ
360 3983 364 3991 ⁸
429 3884 608 3986 Numquid
625 3911 709 3960 vero
726 3913 797 3961 non
823 3885 988 3990 insignite
1006 3890 1195 3967 deerrantl
1221 3897 1291 3990 Qui
1310 3925 1361 3971 sa·
