2942 4962
390 527 462 606 170
637 552 696 600 cu.
721 533 756 598 tv
781 549 950 598 snorroms
975 551 1010 600 tv
1035 549 1065 599 o.
1090 552 1117 599 11

383 643 478 712 dans:
502 640 578 708 alias
600 639 697 706 etiam
720 646 839 725 prater
861 637 943 704 hanc
958 637 1175 724 aequalitatem
1199 640 1366 723 conditioe

387 767 445 814 nes
467 744 579 812 habuit
601 753 720 810 exacta
743 739 975 809 satisfactionis.
991 743 1049 808 En
1068 745 1264 812 communic
1286 745 1364 814 ten·

383 850 487 917 tentio
515 847 764 932 Theoloqoraem.

434 971 537 1047 Prob.
565 973 603 1043 l*
627 994 708 1070 pars
734 994 754 1039 e
781 967 960 1067 Scriptura
986 965 1113 1062 divina,
1143 971 1272 1043 sanctis
1297 973 1367 1044 ΡΡ.

270 1171 271 1175 ¹
386 1101 423 1158 et
443 1083 589 1186 palmari
605 1081 748 1154 ratione.
766 1079 819 1151 De
837 1078 978 1152 Christo
995 1079 1043 1152 ait
1058 1079 1185 1153 Paulus
1202 1080 1247 1154 ad
1263 1084 1370 1156 Rom.

387 1219 417 1266 c
444 1193 489 1264 3:
514 1215 621 1290 quem
639 1189 826 1287 proposuit
858 1189 958 1263 Deus
971 1201 973 1208 '
988 1181 1275 1288 propitiationem
1300 1215 1372 1288 per

383 1299 491 1386 fidem
516 1298 752 1393 insanguine
778 1298 900 1394 ipsius,
925 1297 974 1370 ad
997 1299 1235 1372 ostensionem
1253 1300 1367 1396 justi-

385 1410 442 1480 tiae
467 1433 550 1480 sura.
576 1405 637 1476 Ait
661 1405 749 1480 item
774 1431 804 1479 c.
824 1405 868 1479 5:
895 1421 935 1480 nt
951 1409 1044 1480 sicut
1062 1410 1219 1504 regnavit
1236 1431 1367 1504 pecco·

384 1532 508 1592 catum
533 1519 571 1589 in
598 1531 776 1602 mortem,
800 1518 850 1588 ito
875 1533 909 1590 et
932 1521 1046 1614 gratia
1073 1532 1194 1616 regnet
1219 1543 1290 1616 per
1300 1520 1370 1616 jn-

384 1628 516 1698 stitinm
542 1623 580 1696 in
607 1626 716 1694 vitam
740 1639 920 1698 oeternum.
938 1625 1056 1724 Atque
1074 1642 1174 1700 antea
1191 1625 1371 1699 immedia-

384 1748 420 1806 te
447 1730 556 1806 dixit:
582 1756 657 1804 non
681 1734 774 1804 sient
798 1731 968 1806 delictum
986 1737 1034 1807 ita
1051 1751 1084 1809 et
1100 1735 1286 1808 donum...
1303 1735 1372 1808 obi

387 1841 580 1916 abundarit
605 1841 788 1928 delictum,
801 1843 1099 1941 superabundavit
1114 1861 1148 1918 et
1161 1847 1286 1943 gratia.
1309 1845 1370 1930 Di·

388 1969 489 2028 xerat
514 1975 654 2051 quoque
680 1953 809 2026 David:
835 1959 977 2052 eopiosa
1006 1955 1104 2054 apud
1126 1983 1210 2030 eum
1236 1957 1367 2030 redem-

381 2067 469 2161 ptio.
496 2063 605 2135 Porro
631 2063 667 2134 in
693 2065 747 2135 his
777 2064 964 2138 satisfactio
999 2067 1130 2142 Christi
1164 2067 1291 2140 dicitur
1324 2069 1364 2140 in

384 2173 622 2243 ostensionem
654 2173 801 2271 justitiae
838 2175 925 2266 Dei,
963 2191 999 2247 et
1036 2175 1125 2250 facta
1164 2205 1229 2280 per
1261 2179 1363 2278 justi·

384 2280 482 2372 tiam,
507 2305 574 2351 nec
599 2277 643 2350 ad
669 2279 787 2353 delicti
812 2309 1024 2376 mensuram,
1050 2285 1113 2368 sed
1139 2287 1310 2360 excedens
1329 2303 1368 2358 et

384 2387 679 2489 superabundans:
707 2417 747 2461 ea
771 2391 879 2489 igitur
904 2392 1063 2466 redolent
1084 2396 1371 2492 satisfactionem,

380 2501 472 2575 citra
496 2498 677 2571 liberalem
702 2499 846 2600 alicujus
871 2506 979 2604 partis
1005 2505 1114 2580 debiti
1148 2509 1373 2586 condonatio·

386 2633 480 2701 nem,
505 2634 550 2680 ex
576 2635 649 2681 sese
677 2609 900 2709 condignam,
917 2631 953 2688 et
972 2643 1074 2718 supra
1095 2620 1373 2722 rigoremjnsti·

386 2718 444 2790 ciae
479 2718 666 2818 copiosam.
681 2752 716 2786 ι-ι
734 2721 793 2793 Ad
817 2724 915 2798 haec:
942 2727 1037 2824 quod
1071 2729 1182 2804 voluit
1212 2731 1373 2806 Salvator

261 2861 267 2888 .·
386 2851 551 2926 superare
577 2827 756 2902 diabolum
781 2859 854 2907 non
874 2839 1032 2934 potentia
1050 2840 1112 2912 sed
1132 2842 1280 2942 justitia,
1295 2843 1370 2944 ple·

385 2939 486 3032 rique
525 2952 606 3036 post
631 2939 868 3039 Augustulum
903 2947 961 3019 SS.
991 2951 1111 3023 Patres
1128 2941 1371 3028 annotarunt.

385 3048 662 3144 Chrysostomus
688 3068 806 3124 autem
831 3056 869 3126 in
887 3075 994 3158 caput
1012 3061 1039 3134 5‘
1052 3061 1097 3136 ad
1113 3066 1214 3138 Rom.
1230 3067 1372 3167 inquit:

386 3155 503 3226 multo
521 3158 645 3254 plura,
661 3186 772 3258 qnam
788 3155 1000 3240 debebamus
1011 3173 1174 3268 rependit
1196 3175 1374 3264 Christus,

384 3285 429 3332 ae
455 3278 552 3336 tanto
571 3267 695 3363 plura,
720 3289 852 3368 quanto
878 3300 977 3348 mare
994 3280 1212 3354 immensum
1228 3283 1370 3356 adscit·
1446 3359 1451 3369 ,

388 3371 463 3444 lam
488 3399 590 3472 aqum
615 3377 788 3450 collatum
812 3385 932 3478 majus
957 3410 1030 3460 esse
1048 3393 1171 3486 possit.
1194 3391 1264 3464 Ubi
1290 3417 1372 3492 per·

385 3481 480 3582 spice
507 3484 717 3559 solutionem
743 3487 852 3562 debiti
877 3518 921 3564 ex
946 3521 1021 3568 sese
1047 3491 1264 3598 perfectam,
1289 3529 1375 3576 nec·

391 3619 464 3666 non
482 3593 568 3670 adeo
587 3596 844 3705 redundantem
860 3604 890 3677 J.
909 3605 948 3696 C.
967 3602 1246 3686 satisfactionem]
1263 3615 1374 3706 Quod

263 3796 265 3800 Ι
389 3703 561 3804 Theologi
586 3708 719 3781 ratione
741 3711 999 3811 constabiliunt‚
1016 3746 1121 3816 quam
1138 3723 1188 3794 vt
1206 3723 1373 3798 Clemens
1429 3809 1431 3812 .

390 3811 541 3888 adducit.
568 3817 697 3892 Scribit
720 3819 835 3894 illein
851 3825 994 3909 Extrav.
1024 3830 1248 3928 Unigenitus,
1274 3832 1372 3929 quod

390 3937 489 4019 gutta
515 3928 691 4028 sanguinis
718 3931 848 4006 Christi
872 3935 1012 4012 modica
1028 3965 1094 4042 pro
1111 3941 1261 4018 universi
1285 3938 1371 4013 libe·
