2908 4962
390 449 463 528 111
638 471 700 522 ur.
725 471 760 524 rv
785 469 955 522 srcrrorrs
979 471 1017 519 ur
1042 471 1072 521 c.
1098 473 1122 519 ιι
1382 543 1384 550 Ι

386 561 552 666 synodus
578 558 979 660 Constantinnpolitana,
1004 559 1094 632 Gen.
1111 558 1172 651 Vl,
1188 557 1256 630 sub
1273 557 1372 660 Papa

385 671 573 773 Agathone
586 669 817 767 religiosoque
829 668 989 770 principe
1003 669 1185 768 Pogonato
1203 669 1373 742 Constare

389 786 478 878 rino,
502 780 710 886 profligavit
735 777 1002 880 Proliigabirnus
1027 797 1065 854 et
1080 806 1146 854 nos
1162 782 1270 854 etiarn
1288 807 1374 881 prae

386 893 478 969 ictos
504 917 650 984 errores,
675 891 832 990 itemque
857 888 940 964 ideo
954 915 1022 964 nec
1038 889 1224 991 patiemur,
1249 889 1373 966 volun-

385 1007 468 1080 tatis
483 1005 680 1080 bbertntern
696 1027 716 1074 a
734 1001 975 1076 Monothelitis
992 999 1158 1101 sacrilege
1174 1000 1253 1075 tolli
1270 1002 1373 1074 Cirri-

384 1131 441 1190 310
457 1115 623 1205 Domino,
639 1111 694 1186 vel
711 1137 730 1182 a
745 1110 962 1184 Jansenianis
978 1109 1089 1184 minul
1106 1125 1143 1182 et
1158 1109 1284 1184 inscite
1303 1109 1373 1184 vet

384 1224 491 1298 licam
515 1223 669 1298 Pressim
694 1223 814 1296 omnia
847 1220 1012 1322 subjectis
1040 1218 1343 1319 propositionibus
1355 1247 1372 1307 ;

384 1361 533 1412 nervose
557 1349 678 1408 tamen
702 1347 910 1433 argumenta
936 1331 1175 1406 tractabimus.
1199 1332 1258 1406 sit
1283 1357 1369 1431 ergo

387 1609 392 1616 Ι
430 1515 547 1586 PROP.
570 1517 594 1585 l.
617 1511 735 1585 Extitit
757 1525 791 1584 et
806 1515 983 1585 etiamnum
1005 1525 1093 1584 extat
1109 1515 1143 1582 in
1159 1513 1293 1598 Christo
1314 1537 1369 1584 ve-

381 1641 419 1690 ra
441 1623 548 1690 anima
571 1621 730 1690 bumana:
755 1638 853 1708 quom
867 1619 992 1688 idcirco
1007 1619 1148 1708 Verbum
1162 1631 1276 1690 monte
1291 1641 1369 1710 pru·

381 1721 483 1792 ditum
506 1722 686 1812 assumpsit.
709 1723 770 1789 Ere
791 1723 832 1789 do
850 1723 929 1810 fide.
1424 1763 1425 1820 1

431 1881 538 1956 Prob.
564 1883 603 1954 1Ι
616 1908 709 1984 pars
733 1907 778 1954 err
797 1881 1007 1956 testimoniis
1023 1880 1287 1984 scripturarum
1309 1879 1368 1952 iul·

382 1991 583 2092 gidissimis,
608 2019 687 2119 quae
713 1992 895 2066 Christum
919 2017 995 2064 esse
1020 1989 1145 2064 dicunt
1159 2015 1288 2064 verum
1307 1991 1368 2062 bo-
1427 1952 1430 2122 1

381 2105 516 2180 minem
541 2104 653 2178 nostri
678 2104 840 2198 similem,
858 2119 895 2177 ct
918 2104 1011 2176 inter
1036 2128 1101 2176 nos
1118 2103 1278 2176 humano
1293 2127 1368 2174 mo·
1429 2075 1432 2246 1

382 2235 423 2284 re
447 2227 704 2286 conversatum.
728 2214 832 2285 Ex”
810 2239 854 2286 rrs
878 2239 1021 2312 quoque
1044 2227 1145 2313 patet
1170 2199 1432 2304 evidenter,
1432 2261 1434 2382 1

383 2321 443 2396 nbi
469 2324 610 2398 Christo
627 2325 838 2398 nominatim
854 2325 1021 2397 tribuitur
1035 2327 1150 2398 anima
1166 2341 1205 2398 et
1220 2323 1434 2423 quidernl
1434 2385 1435 2440 1

382 2430 544 2509 distincta
570 2462 590 2506 a
615 2459 765 2536 persona
800 2434 926 2508 Verbi.
951 2437 1002 2508 ait
1035 2437 1168 2508 etenim
1203 2435 1368 2507 Christus
1434 2447 1436 2546 1

347 2604 349 2609 .
382 2541 438 2616 Jo.
464 2544 525 2635 10,
549 2545 713 2614 animam
737 2568 859 2617 meam
876 2569 973 2641 pono
985 2570 1055 2642 pru
1072 2543 1195 2617 ovibus
1213 2547 1345 2617 meis..

381 2679 559 2752 egopono
568 2657 732 2728 animam
749 2681 883 2744 meam,
900 2671 941 2728 11
957 2658 1086 2730 iterum
1102 2681 1245 2730 sumum
1263 2681 1364 2743 eom3

381 2763 501 2862 aitque
527 2765 627 2837 Matt.
654 2768 714 2858 26,
739 2767 847 2839 tristis
863 2781 915 2840 est
930 2768 1054 2838 animo
1079 2791 1160 2838 meo
1178 2789 1290 2862 osque
1316 2764 1365 2835 od

380 2889 560 2946 mortem:
577 2903 645 2974 qua
670 2877 707 2949 in
733 2875 864 2978 duplici
888 2877 1067 2950 locutione
1092 2875 1224 2948 Christi
1241 2875 1364 2946 Domi-

380 2981 419 3052 ni
444 2999 540 3054 certe
565 2983 610 3056 ab
635 2987 709 3085 ejus
735 2985 928 3078 divinitate,
944 3011 1051 3085 quam
1068 3009 1135 3056 nec
1152 2982 1278 3082 abjecit
1303 3009 1364 3052 nn⁴

381 3118 501 3188 quam,
525 3121 592 3167 nec
617 3097 759 3171 tristitia
784 3098 944 3170 affectam
970 3095 1099 3168 habere
1124 3121 1279 3194 unquam
1297 3120 1364 3192 po·

381 3214 483 3292 terat,
500 3201 727 3303 distinguitur
742 3208 867 3299 anima,
881 3233 987 3304 quam
1002 3208 1161 3286 Christus
1173 3207 1247 3306 ipse
1260 3229 1363 3304 spon·

382 3326 418 3382 te
443 3311 600 3406 dimittit,
625 3333 662 3390 et
686 3318 799 3417 pridie
824 3321 994 3418 passionis
1010 3318 1054 3391 ad
1070 3334 1224 3391 mortem
1251 3341 1363 3414 usque

380 3419 520 3492 tristem
546 3423 652 3496 luisse
677 3427 903 3526 pronunciat:
930 3453 1014 3526 ergo
1040 3427 1157 3499 extitit
1173 3437 1278 3523 atque
1304 3449 1362 3495 ex·

381 3545 433 3604 tat
457 3536 651 3608 etiamnum
676 3538 714 3608 in
737 3539 877 3611 Christo
892 3565 975 3612 vera
993 3540 1108 3610 anima
1124 3539 1288 3609 humana.
1305 3536 1363 3606 ln·

381 3667 487 3742 super
504 3643 735 3746 adstipulatur
752 3647 911 3720 universa
929 3647 1109 3721 Traditio:
1136 3645 1304 3736 Concilio,
1320 3658 1363 3740 ut

381 3750 546 3845 vidimus,
571 3771 609 3826 et
631 3771 765 3828 naturae
791 3755 879 3830 ratio
904 3757 1127 3858 conspirant,
1152 3782 1193 3828 ac
1218 3752 1361 3825 demen-

382 3861 467 3936 tiam
492 3867 694 3966 porcutiunt
719 3867 940 3940 Asianorum.
