2942 4962
240 478 1088 569 mwmmmmmwnffl

13 631 14 672 2
103 604 215 683 stum,
229 592 303 664 sive
320 589 501 662 hominem
518 589 622 680 hunc,
632 588 819 688 ‘designato
837 591 988 684 Christo,
1005 592 1086 683 atlo-
1116 663 1120 675 ,

97 701 256 774 randum
281 725 356 774 esse
382 723 546 799 supremo
573 698 669 772 cultu
693 699 827 794 latriae,
857 701 1084 800 quemadmo·
1140 731 1144 748 ²

98 810 192 884 dum
216 825 270 883 est
295 808 477 882 definitum
495 817 520 882 a'
533 810 641 890 Conc-
658 812 836 912 Ephesino
853 837 927 884 can.
945 813 980 903 4,
996 811 1085 886 idest

99 949 175 994 una
209 921 403 1019 eademque
433 947 595 1020 suprema
631 921 831 995 adoratione
865 925 1086 1006 honorificari

92 1033 395 1107 Emmanuelem:
421 1035 479 1106 hic
505 1034 600 1106 enim
627 1036 734 1108 homo
761 1036 1000 1108 Christusvest
1032 1059 1086 1110 ve*

103 1142 1154 1242 rtusuunrnruqtrellffltssrrlraahainstrprtersrlrtilitt¹

99 1256 134 1326 ri
144 1252 420 1327 consideratione
435 1252 479 1322 de
492 1251 560 1322 fide
574 1253 713 1350 quoque
726 1270 863 1325 certum
878 1268 930 1324 est
942 1278 1087 1330 exoottt·

98 1367 204 1438 muni
227 1367 372 1438 Patrum
398 1362 729 1461 Theologorumque
757 1363 930 1456 doetrina,
957 1363 1087 1450 Christi

99 1478 361 1549 humanitatem
386 1491 491 1574 prout
507 1473 626 1547 Verbo
644 1477 878 1573 conjunctam,
897 1477 1099 1577 Christum-y

99 1615 172 1676 ve,
197 1604 237 1656 ut
262 1611 343 1656 cunr
370 1585 446 1656 aliis
471 1585 524 1657 Jo.
551 1585 717 1683 exprimit
744 1583 957 1676 Clericatus‚
980 1598 1088 1682 prout

98 1695 289 1766 hominem
315 1693 449 1765 adorari
483 1692 612 1765 debere
638 1694 734 1766 cultu
768 1693 877 1776 lutriae
904 1693 1087 1787 absoluto,

99 1833 151 1883 ex
176 1803 301 1878 eodem
327 1805 505 1905 Ephesino
532 1833 606 1879 ean.
634 1805 666 1880 5.
694 1805 879 1904 Colligitur
897 1827 949 1876 ex·
965 1833 1085 1885 secum

100 1919 153 1992 do
179 1943 255 2018 cap.
281 1917 437 2017 epistoloe
462 1917 506 1990 ad
530 1917 784 2020 Philippenses,
809 1919 908 2016 juxta
934 1916 1028 2014 quod
1044 1917 1084 1988 in

99 2029 314 2100 meritorum
349 2029 575 2100 humanitatis
601 2029 732 2100 Christi
766 2024 967 2100 mercedem
991 2029 1088 2100 Deus

101 2135 268 2210 exaltavit
293 2135 391 2208 illum
418 2137 530 2238 super'
548 2165 653 2213 omne
679 2164 831 2230 nomen,
855 2155 896 2210 ut
920 2165 1027 2220 omne
1053 2139 1087 2212 ei

100 2275 197 2346 genu
222 2247 403 2320 flectatur:
429 2275 500 2346 qua
526 2254 565 2320 iu
592 2273 627 2322 re
640 2305 663 2337 ,‚
679 2249 727 2320 ait
752 2263 832 2349 post
857 2243 1088 2327 Athanasium
1139 2313 1140 2316 ,

103 2361 140 2436 S.
157 2359 221 2434 ¹Jo.
247 2359 483 2432 Damascenus
500 2358 557 2430 lib.
576 2385 648 2430 suae
663 2353 870 2456 ¹Theologiae
887 2357 991 2430 tertio
1010 2381 1104 2460 cap.¹
1152 2371 1160 2385 ⁸

103 2475 141 2564 8,
165 2497 239 2544 nou
264 2488 434 2545 creature
459 2476 646 2560 serru'rrtus,¹
672 2497 745 2544 nou
771 2474 869 2544 enim
894 2463 995 2542 illum
1019 2496 1088 2547 cett
1121 2475 1131 2492 ”

13 2641 14 2688 t
103 2581 239 2653 nudum
266 2607 413 2654 carnem
438 2581 642 2667 odoremus,
667 2580 730 2653 secl
754 2595 794 2652 ut
819 2581 993 2652 divinitati
1009 2583 1087 2651 unl-

103 2708 189 2764 tam.
215 2694 263 2764 Et
288 2719 369 2764 sane
389 2693 518 2765 Christi
535 2718 682 2791 persona
701 2709 864 2764 naturam
887 2689 1088 2790 complecti·
1111 2776 1113 2780 .

100 2816 161 2872 tur
185 2804 396 2875 humanam:
423 2828 506 2900 ergo
532 2803 617 2873 item
644 2801 799 2874 adoratio
825 2818 1008 2902 personae,
1034 2803 1086 2874 uti

104 2909 372 3009 comprehendit
397 2911 612 2983 latreuticanr
648 2911 774 2995 ‹li-vinae
800 2926 934 2982 uaturae
965 2907 1084 2980 adora·

101 3023 235 3102 tionem
249 3020 453 3114 absolutam,
466 3024 512 3094 ita
531 3038 567 3094 et
584 3022 802 3095 latreutieam
815 3025 976 3093 humanae
991 3047 1085 3094 com

104 3134 281 3234 plectitur.
295 3135 427 3206 Seriem
446 3133 659 3207 Traditionis
684 3125 951 3207 luculentiorem
968 3133 1012 3204 de
1029 3135 1084 3206 his

109 3245 253 3316 exhibet
279 3243 491 3314 eminentiss.
514 3241 1028 3344 eruditissimusque,Gerdilius
1042 3245 1109 3314 iu

105 3351 221 3424 Notus
256 3350 515 3423 nonnullarum
541 3356 825 3451 propositionum
856 3352 995 3451 Synodi
1027 3349 1084 3424 Pi·

110 3465 307 3540 storieusr's:
334 3461 394 3534 uhi
419 3479 465 3554 et,
490 3463 665 3562 plerisque
688 3464 908 3554 luculentius,
926 3463 1085 3560 quaestio·
1136 3495 1141 3504 ·

13 3577 14 3582 ’
106 3598 190 3647 nem
216 3574 311 3646 illam
337 3575 480 3674 exponit
506 3575 550 3646 de'
572 3580 745 3672 proximu
770 3575 807 3647 in
834 3575 998 3664 Christo,
1014 3599 1084 3646 me·

104 3685 223 3756 cliente
249 3701 368 3756 tamen
394 3685 505 3760 anima
517 3741 527 3776 ‚
552 3685 681 3756 unione
708 3685 820 3756 earnis
847 3681 1084 3788 sacratissimae

106 3793 300 3868 adorandae.
1042 3809 1070 3814 ”

155 3903 228 3977 Nec
254 3903 321 3994 sit,
347 3905 407 4002 qui
442 3904 488 3976 ita
515 3901 757 3983 contradicet2‘
787 3902 942 4012 adoratio
971 3898 1081 3983 latriae
