2908 4962
402 545 446 596 nr
471 545 603 596 euarsrr
634 539 784 598 eamear
1007 509 1085 599 137·

113 665 128 686 -’
145 637 356 738 'opponant
381 634 415 706 2
439 632 488 705 Dr
497 631 654 704 Hilarius
678 634 755 733 cap,
780 632 822 704 31
856 635 904 706 in¹
924 635 1017 708 Mat·
1036 646 1085 708 'et

102 748 140 820 in
168 745 230 818 lib.
255 743 312 817 10
332 741 377 815 de
402 741 500 814 Trin.
525 767 560 812 n.
579 742 747 816 asverus
772 740 911 818 dolores
935 747 1086 839 removit

100 881 122 928 a
147 855 310 928 Christo:
335 876 421 950 ergo
447 865 532 924 etc..
548 824 593 948 ll.
610 851 687 922 Etsi
704 851 876 924 Hilarium
892 855 1086 928 Pistorien-

102 993 177 1040 sem
198 979 363 1040 accusant
380 961 534 1062 quidam,
544 987 637 1060 quos
652 963 746 1034 inter
761 964 1085 1057 Bamnius3‘Bellar·

101 1075 229 1168 minus,
238 1076 406 1148 Erasmus
419 1086 523 1171 atque
538 1070 725 1164 scultetus,
736 1069 824 1143 dum
835 1099 919 1146 vero
932 1071 1086 1171 quidam,

100 1186 262 1262 Petavins
278 1209 319 1259 ac
336 1185 497 1280 Frassen,
510 1207 592 1254 eum
612 1207 649 1254 se
664 1183 865 1255 Comment.
877 1184 915 1255 in
927 1180 1085 1286 Psalmos¹

100 1311 303 1369 retractasse
328 1295 583 1395 pronunciant:
610 1308 646 1365 at
671 1293 814 1394 plurimi
830 1307 913 1369 eum
939 1297 973 1368 S.
991 1297 1086 1370 Tho·

101 1423 160 1481 rna
185 1405 491 1504 Benedictinisque
519 1403 723 1500 defendunt,
748 1431 814 1480 nec
840 1408 906 1508 ipsi
927 1416 1084 1506 unquam

100 1518 429 1620 Aphthartodoeitae
446 1543 513 1618 pro
531 1543 568 1589 se
585 1518 792 1612 eitaveruut.
804 1521 927 1617 Itaque
944 1524 1084 1593 sanetus

99 1633 323 1706 Pietavorum
348 1631 558 1731 Episcopus,
584 1629 681 1728 cujus
706 1629 815 1704 libros
836 1631 1013 1732 inoffenso
1027 1630 1085 1730 pe·

100 1741 144 1814 de
169 1741 310 1814 decurri
333 1769 353 1812 a
379 1741 545 1840 quopiam
563 1763 680 1838 posse,
698 1755 820 1826 auctor
841 1743 895 1814 est
917 1737 1085 1841 Hieronyss

106 1860 202 1940 mus,
223 1851 297 1948 agit
321 1866 441 1922 eontra
467 1846 733 1948 Apollinaristas
757 1866 795 1921 et
820 1849 978 1944 Arianos3
1003 1847 1086 1922 et'a
1150 1893 1152 1900 ·

106 1960 259 2051 Christo,
284 1959 339 2034 vel
366 1975 538 2057 quatenus
560 1957 659 2029 ¹Deus
685 1974 749 2051 est,
775 1963 919 2031 ornnem
945 1956 1085 2030 submo-

70 2145 74 2148 .
103 2077 165 2144 'vet
190 2071 443 2162 infirmitatem,
459 2068 523 2144 *vel
549 2085 656 2168 prout
680 2087 733 2142 est
759 2073 879 2163 horno,
907 2069 1086 2142 infirmituss

101 2184 153 2276 les
171 2197 267 2253 arcet
284 2196 484 2252 nostrarum
501 2177 643 2273 similes,
656 2179 748 2252 idest
761 2178 954 2253 defectibus
966 2180 1087 2253 naevis'

100 2277 168 2390 que
193 2291 407 2391 permixtas:
432 2291 538 2362 hosce
571 2285 706 2360 autem¹
728 2295 846 2370 naevos
872 2304 907 2360 et
932 2313 997 2360 nos
1026 2291 1086 2359 '‘s‘uss

99 2423 162 2498 pra
179 2398 402 2472 removimus.
430 2401 561 2470 Verum
587 2397 772 2470 nobiseum
788 2396 918 2468 fatetur
935 2394 1089 2484 Hilarius

102 2511 231 2582 Christi
256 2509 454 2608 languores,
478 2510 565 2582 dum
583 2511 642 2600 ait,
660 2525 697 2580 et
713 2535 807 2610 saepe
835 2509 961 2615 saepius
978 2506 1086 2600 incul-¹

98 2626 177 2695 cat:
203 2624 326 2694 omnia
359 2622 558 2694 secundum
592 2620 776 2693 hominem
803 2647 932 2718 passus
959 2637 1018 2693 est.
1032 2672 1042 2690 .
1055 2671 1084 2690 ..

102 2732 175 2804 Sed
197 2731 242 2804 ab
268 2757 309 2804 eo
336 2747 473 2804 namne
498 2758 572 2805 suco
591 2734 715 2802 virtute
733 2746 894 2826 suscepta
916 2745 1009 2802 stunt.
1050 2726 1080 2816 “3

155 2839 339 2938 Oggerunt
368 2839 582 2914 adversusl
608 2854 746 2938 partem
773 2837 992 2909 Clementem
1011 2833 1088 2910 Ale·

99 2947 324 3042 rian'drinum,
340 2947 608 3040 Tertullianum,
626 2949 827 3045 Origenem,
847 2948 1085 3045 Augustinu‘n‘i
1208 2948 1209 2952 ’

96 3055 250 3156 aliosque
263 3058 419 3150 Veteres,
437 3059 497 3156 qui
514 3059 643 3159 speciei
661 3055 920 3128 deformitatem
940 3052 1088 3128 Christo

90 3166 349 3268 adjudicarunt
376 3171 414 3242 2⁰
441 3171 559 3269 ajunt:
587 3167 768 3266 gloriosius
793 3169 877 3239 Deo
896 3159 958 3260 est,
976 3167 1005 3239 si
1023 3191 1084 3268 po·

1 3310 2 3314 ¹
100 3296 218 3373 natur,
244 3281 425 3354 Christum
450 3283 552 3354 sicuti
569 3281 764 3353 humilitate
782 3306 821 3352 ae
838 3281 1016 3380 pauperie,
1037 3280 1085 3350 ita

102 3391 164 3468 vili
191 3393 303 3482 forma
329 3408 367 3496 et
392 3391 593 3492 despicabili
628 3401 727 3466 suam
761 3391 1000 3492 promulgasse
1026 3389 1086 3464 do·

105 3502 267 3576 etrinam.
293 3477 337 3598 ll.
362 3502 421 3576 Ad
449 3506 509 3574 l¹¹¹¹¹
527 3505 728 3576 Frassenius
750 3502 903 3601 reponit,
920 3499 998 3572 illos
1018 3500 1086 3570 Au·

101 3629 218 3687 etores
242 3615 310 3686 hoe
335 3616 531 3715 praesertim
556 3615 679 3688 leviori
696 3627 904 3712 argumento
921 3609 1085 3682 inductos

97 3722 204 3825 luisse
231 3723 276 3796 ad
293 3725 351 3796 sie
376 3723 605 3825 opinandum,
640 3723 734 3824 quod
760 3724 865 3795 Isaias
892 3719 1019 3791 ‹lixerit
1050 3743 1079 3788 c.

100 3833 162 3927 53,
175 3850 313 3932 nortest
325 3837 456 3932 speeies
469 3837 515 3922 ei,
528 3843 640 3930 neque
653 3831 771 3918 decor,
784 3857 866 3906 eum
880 3831 909 3902 is
921 3827 973 3899 defi
989 3824 1088 3897 Chri
1100 3895 1101 3898 ,

98 3959 156 4018 sto
181 3946 337 4047 patiente
363 3947 454 4019 inter
480 3961 604 4018 manus
630 3943 856 4040 hostium-sit
886 3935 1099 4034 intelligen=
1127 3995 1129 4002 ,
