2942 4962
233 553 276 601 nn
302 551 429 622 cenrsrr
454 550 604 600 serenan
628 552 671 602 ar
697 551 895 603 smerrmrs
975 526 1047 604 i9‘i

11 719 12 722 ,
84 665 149 738 qua
175 635 251 710 dari
275 639 385 736 major
409 661 482 708 non
510 652 648 737 poterat
673 635 716 708 de
749 636 827 735 lege
857 634 1055 733 ordinaria,
1123 682 1170 738 ,-

11 757 12 790 ³
82 747 335 822 comitabantur
359 749 395 818 in
413 749 563 841 Christo,
578 764 724 849 excepta
741 748 809 821 fide
827 763 863 820 et
879 767 940 850 spe
958 752 1055 826 theo·

11 889 12 900 ¹
81 861 204 960 logica,¹
225 885 311 959 quas
336 858 489 934 excludit
506 858 595 932 clara
613 861 698 934 visio
714 858 873 933 beatifica
889 863 1053 961 praesens·

11 975 12 982 '
82 1001 148 1073 que
175 972 301 1072 objecti
325 973 512 1071 possessio,
530 971 675 1045 virtutes
691 971 796 1044 etia'm
811 983 946 1065 omnes,
970 979 1055 1046 cum

81 1087 154 1184 ejus
177 1081 391 1182 perfectione
415 1107 487 1154 non
512 1097 731 1180 pugnantes,
756 1107 818 1152 seu
843 1081 966 1156 infusae
991 1109 1054 1155 seu

81 1194 280 1293 acquisitaet'
307 1217 396 1290 quae,
412 1191 502 1264 licet¹
517 1192 564 1263 ita
590 1191 647 1265 dic
656 1207 713 1286 tae,
729 1192 808 1292 quia
823 1181 970 1292 possunt
993 1218 1057 1293 per

12 1329 13 1356 ³
82 1322 178 1379 actus
203 1305 335 1402 acquiri
358 1305 535 1402 repetitos,
559 1305 598 1374 in
623 1329 665 1378 eo
690 1315 810 1378 t'amen
835 1303 976 1376 fuerunt
1001 1305 1053 1376 in·

13 1484 14 1508 ,
81 1418 167 1490 fusae
191 1441 255 1518 per
280 1413 439 1488 accidens
464 1443 483 1486 a
507 1415 622 1515 primo
647 1417 789 1518 instanti
807 1417 1055 1516 conceptionis

14 1552 17 1561 ·
80 1523 183 1597 Illam
203 1549 343 1622 quoque
360 1523 505 1621 gratiam
535 1539 571 1596 et
600 1525 819 1597 sanctitatem
848 1523 1061 1612 comitabam
1144 1545 1146 1549 ·

14 1658 18 1720 ς
81 1647 163 1724 tur,
189 1657 233 1703 ex
256 1631 343 1702 Isaia
368 1635 537 1731 propheta
564 1658 594 1704 c.
622 1634 680 1726 11,
705 1633 889 1730 (Irenaeo,
913 1633 1060 1704 Hieron.¹

14 1734 17 1743 ¹
79 1743 226 1838 aliisque
250 1740 584 1840 interpretantibus)
609 1743 725 1814 omnia
756 1740 905 1841 Spiritus
939 1739 1057 1811 Sancti

80 1849 186 1940 dona,
211 1848 252 1919 iis
276 1874 359 1921 vero
384 1847 548 1922 detractis
572 1847 904 1950 imperfectionibus,
921 1847 1057 1947 quibus

81 1987 167 2034 cum
190 1961 228 2030 in
252 1959 354 2032 nobis
379 1959 688 2060 deprehenduntur
700 2019 710 2054 ,
736 1977 771 2034 et
796 1988 874 2060 quae
898 1959 955 2035 vel
979 1984 1059 2058 pro·

82 2069 201 2168 prium
226 2082 409 2166 peccatum
434 2086 648 2168 supponunt,
673 2072 729 2145 vel
754 2071 858 2156 statui
873 2065 1057 2142 beatitudi-

83 2181 137 2252 nis
154 2183 397 2280 opponuntur.
423 2181 518 2252 Cum*
540 2197 594 2255 tot
619 2181 768 2280 denique
793 2181 1060 2280 gratiarumirm

84 2287 204 2359 bribus
229 2287 372 2385 singulae
397 2290 483 2360 item
509 2293 628 2388 gratiae
656 2293 761 2388 gratis
787 2289 876 2363 datae
900 2290 937 2360 in
964 2283 1060 2361 chri·

87 2402 133 2471 sti
159 2397 372 2470 dissuxerunt
387 2401 660 2473 humanitatem:
687 2418 722 2473 et
747 2403 849 2476 sicin
866 2402 961 2472 hisc'e
987 2411 1058 2472 on'r·

84 2512 188 2582 nibus
226 2509 337 2583 obiter
373 2510 531 2584 indicatis
569 2512 667 2585 facile
710 2529 866 2584 annuunt
896 2507 1059 2584 catholici

86 2624 292 2722 Scriptores·
316 2623 435 2712 Quum
461 2639 578 2693 autem
606 2649 647 2694 eo
666 2625 815 2695 sanctior
832 2622 956 2718 aliquis'
973 2619 1060 2690 aesti-

84 2732 176 2804 mari
199 2729 333 2822 debeat,
359 2755 428 2828 quo
453 2732 563 2828 magis
589 2739 642 2800 est
659 2731 702 2800 ab
719 2727 814 2802 omni
831 2726 964 2827 pcccati
980 2721 1059 2796 laba

86 2838 328 2939 peccandique
354 2855 524 2939 potestate
550 2838 691 2930 alienus,
709 2854 744 2908 et
765 2837 941 2911 Christum
963 2830 1060 2930 quasi

85 2952 121 3022 in
148 2948 424 3050 desperationem
448 2969 565 3022 actum
583 2948 718 3039 obiisse,
744 2947 907 3020 Calvinus
924 2967 1007 3018 cum
1025 2965 1059 3010 a·

89 3057 155 3151 liis,
181 3058 224 3130 de
250 3059 375 3158 quibus
401 3062 538 3152 Hosius,
563 3057 736 3131 horrende
761 3057 989 3156 blasphemet,
1010 3050 1061 3148 ju·

90 3186 149 3243 vat
174 3173 306 3272 aperire
333 3171 496 3271 deinceps
520 3171 631 3244 nostri
661 3167 844 3240 Salvatoris
869 3165 1061 3262 impeccan-

89 3282 184 3354 tiam.
212 3283 338 3355 Omnia
362 3285 588 3383 protinns'ac
613 3279 745 3356 volucri
770 3277 861 3378 stylo
881 3289 1061 3376 persequa-

87 3416 176 3462 mur.

121 3520 250 3594 ‚PROR
273 3523 295 3589 l.
319 3521 395 3588 Fuit
416 3523 450 3587 in
474 3520 600 3588 Christo
623 3519 761 3607 perfecta
784 3517 914 3584 scientia
940 3511 1062 3580 bestiti.

88 3639 149 3705 ca,
173 3644 299 3690 necnon
323 3627 454 3691 scientia
477 3645 536 3711 per
559 3643 592 3689 se
615 3635 648 3689 et
677 3642 735 3708 per
765 3619 911 3686 accidens
934 3618 1063 3700 infusa,

87 3742 195 3811 eaque
219 3735 238 3789 a
259 3727 363 3812 primo
388 3737 559 3812 conceptus
583 3723 742 3802 instanti;
766 3731 834 3786 tum
858 3720 954 3786 altera
981 3737 1057 3806 pro·

88 3827 164 3914 priis
191 3837 315 3894 nature
338 3827 460 3892 viribus
484 3841 632 3890 successu
655 3823 807 3907 temporis
832 3821 995 3907 acquisita.

137 3941 241 4015 Proh.
269 3945 317 4038 4⁰,
333 3941 446 4043 quoad
471 3939 652 4014 scientiam
677 3937 817 4009 beatam
842 3934 990 4028 visionis,
1006 3958 1057 4006 an
