2942 4962
392 525 465 619 tet
640 549 702 594 nn.
728 546 762 593 rr
788 543 956 592 suenonis
981 545 1004 592 v
1030 543 1060 590 c.
1085 533 1109 588 ir

393 651 446 710 sto
472 633 592 732 aliqua
610 627 899 731 experimentalis
917 628 1076 714 scientia,
1092 649 1172 723 quc·
1188 640 1249 697 est·
1260 629 1375 700 seien-

391 752 440 820 tia
465 745 647 843 acquisito.
677 738 731 812 Ac
765 737 809 810 de
843 737 1043 836 hujusmodi
1077 763 1170 811 novo
1203 739 1377 838 coguitio-

389 862 444 934 nis
469 854 577 930 modo
602 855 721 926 Patres
746 850 945 950 complures
971 866 1180 948 sanctusque
1214 849 1376 924 Thomas

278 999 283 1013 ¹
393 971 415 1044 3
442 997 477 1070 p.
504 993 537 1065 q.
566 965 611 1034 l2
630 989 659 1032 a.
679 962 700 1032 2
719 959 894 1058 accipiunt
910 959 1014 1033 verba
1031 962 1150 1052 Lucae,
1162 983 1257 1057 puer
1265 960 1376 1056 profi·

389 1077 505 1154 ciebat
528 1072 697 1170 sapientia
722 1083 756 1140 et
780 1082 881 1141 catate
906 1071 1088 1172 engratiae.
1115 1067 1247 1141 Christi
1263 1067 1376 1167 igitur

390 1189 506 1260 anima
531 1176 725 1253 ministerio
751 1202 936 1269 sensuum,
960 1179 1108 1278 ipsoque
1137 1204 1203 1250 usu
1228 1192 1265 1249 et
1290 1203 1375 1252 con·

389 1294 618 1398 templatione
643 1314 764 1360 rerum
797 1290 959 1390 percepit
983 1316 1017 1362 v.
1044 1316 1094 1389 gr.
1111 1305 1250 1362 suamet
1266 1291 1373 1362 mira-

389 1409 491 1499 cula,
515 1397 770 1504 ⁴Apostoloru'rn
804 1397 1065 1493 obedientiam,
1089 1401 1374 1473 machinamenta

388 1509 656 1602 Pharisaeorum,
673 1510 818 1608 jamque
843 1509 1028 1609 praevisam
1055 1535 1126 1581 suae
1152 1510 1321 1609 passionis
1339 1517 1375 1582 a·

389 1627 619 1711 cerbitatem,
644 1631 680 1690 et
706 1643 939 1716 quaecumque
973 1615 1016 1688 ab
1041 1618 1165 1712 initio,
1189 1645 1255 1718 per
1280 1635 1375 1692 anto

388 1752 531 1840 ceptam
564 1729 748 1819 notitiam,
782 1727 941 1799 interiori
974 1742 1094 1799 mente
1127 1743 1375 1828 praenoverat.

389 1851 475 1922 llaec
492 1845 644 1917 sciscunt
660 1838 895 1912 communiter
917 1865 957 1912 ac
974 1837 1198 1938 probabilius.
1213 1869 1247 1904 Η
1264 1838 1372 1913 Unde

392 1950 646 2040 concludimus,
672 1947 853 2020 Christum
878 1945 1078 2041 hominem,
1104 1949 1142 2020 iu
1167 1973 1237 2046 quo
1262 1959 1374 2040 sunt,

390 2065 504 2166 ajebat
518 2059 647 2135 Paulus
663 2056 707 2130 ad
725 2057 856 2130 Coloss
875 2062 909 2152 2,
926 2084 1049 2132 omnes
1066 2057 1223 2131 thesauri
1241 2061 1377 2159 sapien·

213 2221 216 2228 ·
292 2231 297 2246 .
390 2181 447 2278 tice
471 2189 505 2246 et
530 2172 684 2245 scientiae
718 2168 941 2258 absconditi,
975 2171 1162 2268 omnigena
1196 2183 1234 2241 et
1262 2169 1373 2272 'plena

391 2284 617 2386 perfectaque
642 2281 783 2352 scientia
810 2279 913 2352 luisse
940 2279 1165 2374 decoratum;
1191 2297 1232 2354 ut
1260 2281 1378 2382 prole·
1454 2351 1458 2366 ,

390 2387 472 2485 cto,
501 2420 583 2464 curn
618 2390 667 2460 nil
701 2391 900 2488 ignorasse,
927 2392 985 2463 SS.
1020 2393 1096 2466 DD.
1130 2392 1376 2486 tradiderunt,
1457 2407 1458 2459 1

391 2505 542 2602 eumque
569 2502 619 2580 sic
642 2497 810 2594 decuisse,
827 2500 969 2577 evidens
985 2492 1091 2576 etiam
1109 2501 1375 2604 Theologorum

341 2689 343 2693 ,
390 2617 478 2691 ratio
504 2613 697 2688 confirmat.
1335 2620 1337 2627 “

439 2808 553 2874 PROP.
578 2807 615 2872 H.
640 2806 768 2872 Nullum
792 2807 854 2872 luit
877 2807 909 2871 in
935 2807 1064 2874 Christo
1088 2828 1192 2897 neque
1215 2809 1377 2896 originis,

392 2927 497 2996 nequo
520 2907 643 2973 actuale
667 2915 856 2993 peceatum3
879 2908 976 2974 immo
1005 2908 1128 2974 nullum
1152 2930 1219 2975 csse
1244 2911 1374 2996 potuit:
1455 2893 1456 2938 l

393 3023 427 3077 ot
450 3011 519 3075 lraec
542 3009 613 3095 eJ‘us
636 3005 887 3094 impeccabilitas
903 3029 968 3075 non
986 3029 1003 3073 a
1019 3010 1142 3076 visione
1159 3009 1301 3078 beatifica
1316 3021 1376 3079 aut

372 3196 374 3204 γ
396 3112 498 3198 gratia
522 3107 750 3188 sanctificante,
766 3107 817 3173 vel
833 3109 985 3195 singulari
1010 3109 1069 3174 Dei
1085 3112 1286 3198 protectione
1299 3121 1378 3194 eto,
1454 3135 1455 3191 i

391 3210 447 3278 sed
471 3211 604 3296 precise
627 3206 666 3272 ab
691 3210 811 3277 unione
834 3209 1035 3295 hypostatica
1059 3208 1220 3297 profluxit

441 3386 546 3462 Prob.
576 3389 613 3457 1ι
639 3401 674 3456 et
701 3388 739 3456 2⁸
756 3385 925 3484 particula
942 3412 1066 3486 prop..
1093 3389 1193 3460 Circa
1210 3375 1377 3486 priinam,

395 3525 474 3599 quae
500 3513 554 3568 est
579 3495 741 3587 deiide,
767 3494 927 3568 clarescit
960 3523 1003 3568 ex
1028 3498 1090 3570 illo
1123 3501 1254 3591 Lucae,
1278 3485 1381 3597 quod

396 3627 562 3685 nuscetur
584 3633 635 3706 ex
661 3624 692 3680 te
718 3621 905 3694 sanctum,
931 3606 1068 3680 excludi
1094 3635 1114 3680 a
1140 3608 1281 3691 Christo
1305 3612 1376 3712 pia·
1452 3669 1453 3676 ,

361 3757 363 3764 ·
396 3723 516 3798 culum
541 3719 730 3820 originale,
750 3719 849 3818 juxta
874 3714 1075 3792 tralatitiani
1100 3721 1246 3794 Patrum
1271 3714 1375 3794 inter·

397 3831 640 3934 pretationem.
667 3831 812 3902 Constat
838 3853 978 3928 quoque
1005 3855 1048 3900 ex
1073 3831 1127 3902 Jo.
1146 3832 1182 3921 8,
1199 3827 1284 3901 dum
1302 3830 1374 3901 Sal·
1451 3895 1452 3908 ,

400 3958 495 4016 vator
521 3941 569 4014 sic
593 3939 728 4016 invidos
755 3936 1003 4038 alloquebatur,
1028 3941 1106 4039 quis
1131 3964 1183 4012 cae
1200 3936 1295 4012 vobis
1320 3953 1371 4011 or·
