2942 4962
283 475 326 524 ur
352 471 645 522 sonuunrmrrora
680 473 866 540 ruromrun
1002 461 1070 534 163

91 585 187 660 vata,
210 561 513 664 participationem
539 559 761 633 solummodo
786 560 936 658 aliquam
970 569 1074 663 signi.

91 680 239 770 ticantia,
264 676 478 748 Dominicus
504 688 607 772 etque
632 672 778 769 Det'fem
803 675 969 748 unionem
1000 694 1073 750 tan·

90 789 169 864 tum
193 784 364 859 moralem
390 783 552 857 videntur
569 785 776 884 exprimere,
792 811 858 857 nec
875 784 1073 858 Dominum

92 909 195 990 utque
213 889 340 979 Deum,
357 884 418 959 sed
435 883 479 958 ad
493 886 684 958 Dominum
702 901 919 985 spectantem
937 888 1070 986 Deique

90 999 258 1100 bajulum,
272 996 498 1096 grammatice
512 995 717 1090 significant,
729 996 893 1067 haeretico
908 1009 944 1066 at
957 997 1072 1068 sensui

90 1133 297 1206 venenoque
314 1106 437 1180 animis
455 1103 671 1204 aspergendo
696 1103 830 1177 idoneae
858 1119 939 1176 suut
963 1103 1071 1178 valde.

140 1215 372 1290 Exercaberis
395 1212 484 1286 ultra
503 1214 539 1285 in
558 1213 704 1315 duplicis
730 1213 902 1288 solutione
933 1211 1073 1286 difficul-

90 1331 183 1404 tatis.
211 1332 248 1398 l'
274 1343 339 1418 est,
363 1352 408 1400 an
432 1325 543 1426 possit
560 1326 719 1398 Christus
736 1325 904 1426 appellari
922 1326 991 1419 Dei
1006 1350 1071 1398 ser·

90 1443 185 1516 vus?
208 1416 252 1538 ll.
277 1439 357 1513 Non
381 1461 495 1538 posse,
521 1435 740 1510 tradiderunt
764 1439 830 1509 ΡΡ.
855 1436 1070 1510 Frauclordi-

89 1578 194 1624 auses
217 1557 255 1622 et
279 1573 351 1620 non
377 1547 480 1646 pauci
505 1545 815 1619 scholasticorum:
832 1559 934 1646 posse
952 1562 1069 1618 autem

89 1660 177 1750 dici,
201 1658 321 1758 plures
347 1657 405 1728 SS.
431 1655 613 1743 Doctores,
638 1653 853 1725 Thomistica
876 1667 912 1724 et
937 1652 1072 1724 subtilis

89 1766 220 1840 Schola
244 1765 385 1838 docent
409 1763 548 1863 Duplex
564 1764 622 1836 bic
640 1759 882 1860 distinguenda
909 1762 1069 1832 servitus:

89 1873 268 1950 namratis
294 1865 361 1944 dha
387 1897 449 1944 seu
475 1871 643 1970 generalis
669 1887 744 1961 est,
770 1895 964 1968 perquam
990 1871 1066 1966 quis

87 1983 190 2083 juxta
214 1997 349 2054 naturae
373 1979 489 2078 legem
514 1975 731 2052 submittitur
756 1979 865 2071 alteri,
881 1995 917 2050 et
934 1976 977 2048 ad
995 2005 1073 2050 eam

91 2091 251 2166 conditio
277 2107 421 2192 spectat,
439 2119 507 2190 qua
524 2092 584 2165 filii
601 2092 760 2164 nondum
786 2091 996 2189 emancipati
1014 2117 1073 2189 pu·

92 2203 254 2278 rentibus
279 2201 520 2302 subjiciuntur,
546 2217 582 2273 et
598 2203 634 2272 in
651 2203 776 2300 primis
802 2199 980 2298 subjectiO,
1007 2225 1074 2296 qun

92 2313 265 2387 universae
300 2327 467 2384 creaturae
493 2312 540 2384 ita
566 2328 647 2382 sunt
672 2310 736 2384 suh
770 2310 835 2380 Dei
870 2309 1074 2400 dominatu,

93 2435 136 2492 ut
161 2422 194 2493 ei
220 2419 418 2496 deserviant
443 2418 487 2491 ad
513 2436 649 2492 nutum.
667 2419 785 2491 Altera
812 2419 931 2514 legalis
958 2433 994 2488 et
1019 2418 1074 2488 de-

11 2603 13 2622 ,
95 2533 239 2632 spotioa,
256 2555 335 2631 quae
353 2531 441 2629 lege,
468 2558 540 2604 non
565 2534 677 2632 prima
694 2531 910 2603 institutione
929 2544 1074 2618 naturae,

94 2639 164 2711 suit
196 2641 358 2732 invecta,
383 2639 546 2711 delinitur
571 2642 599 2736 ς.
628 2643 648 2710 2
676 2642 759 2712 lust.
790 2639 833 2711 de
860 2642 942 2712 Jure
977 2643 1070 2710 Pers.

95 2751 298 2822 constitutio
324 2752 424 2823 Jnrt's
447 2752 631 2845 gentium,
656 2775 726 2845 qua
751 2751 829 2845 quis
854 2748 1010 2818 dominio
1037 2774 1070 2816 u-

96 2861 191 2932 lieno
216 2877 339 2934 contra
366 2877 533 2932 noueram
560 2858 762 2954 subjicitur,⁸
780 2856 824 2928 ad
843 2883 947 2954 quam
966 2857 1074 2956 speci·

97 2998 155 3042 am
181 2972 356 3044 servitutis
381 2971 439 3044 illa
465 2970 657 3069 redigitur,
684 2996 751 3066 qua
777 2971 884 3040 homo
909 2994 972 3068 per
999 2994 1074 3066 pec·

96 3095 215 3153 catum
241 3079 401 3154 subditur
425 3081 610 3171 Daemoni,
636 3095 672 3154 et
697 3107 715 3150 a
743 3105 810 3176 qua
836 3105 900 3177 per
926 3079 1071 3174 gratiam

99 3192 232 3264 Christi
249 3191 424 3266 liberatur.
443 3192 667 3263 Allirmamus
684 3190 811 3287 itaque,
829 3191 1006 3260 Christum
1026 3188 1071 3258 di·

97 3305 129 3376 ci
154 3330 258 3404 posse
283 3330 422 3378 servum
450 3304 519 3376 late
549 3320 584 3375 et
600 3303 802 3403 improprie,
832 3305 990 3374 seruitute
1017 3329 1075 3372 nu·

99 3418 217 3506 turult,
243 3442 315 3488 nou
341 3418 473 3488 ratione
498 3441 670 3514 personae,
687 3413 748 3484 sed
766 3416 845 3512 quia
862 3413 993 3484 ratione
1016 3415 1076 3482 hu·
1128 3486 1130 3494 ,

98 3549 213 3596 manae
238 3539 370 3597 uaturae
397 3525 472 3597 Deo
499 3523 672 3623 subjectus
699 3541 793 3594 erat:
820 3540 855 3594 at
880 3547 1074 3616 congruum

97 3636 209 3732 magis
233 3650 271 3706 et
287 3635 488 3734 religiosum
506 3651 585 3735 post
602 3633 760 3706 inductas
780 3639 936 3722 haeresos,
954 3659 994 3703 uc
1013 3633 1074 3700 llu-

99 3744 276 3844 demptori
302 3745 462 3838 nobilius,
489 3747 516 3816 si
535 3771 615 3816 eum
643 3770 706 3813 nos
725 3769 864 3814 serrum
883 3744 930 3812 sio
948 3740 1077 3811 ahsolu-

103 3872 137 3928 te
163 3873 200 3929 et
225 3856 429 3957 simpliciter
454 3882 524 3928 uon
551 3853 776 3953 appellemus.
806 3855 933 3950 Nequit
959 3867 1075 3920 nutem
