2942 4962
294 528 336 575 nr
362 526 446 575 vum
471 525 600 573 cnnrsrr
626 524 872 575 sarrsmcrronr
991 504 1059 580 177

92 629 175 705 mo,
200 609 363 684 concedo.
388 611 465 682 Etsi
489 611 595 708 igitur
620 611 770 683 actiones
787 611 912 685 elicitae
934 612 976 684 ab
1003 617 1062 688 hu-

94 722 257 793 manitate
283 719 422 810 Christi,
440 733 605 814 tanquam
631 718 800 817 principio
825 745 920 816 quo,
945 746 1062 794 secun-

94 834 177 907 dum
203 831 387 902 entitatem
415 829 595 928 physicam
621 828 726 900 liniue
755 845 790 900 et
815 828 879 902 sub
904 831 968 903 Dei
1003 831 1061 905 do·

93 943 200 1016 minio
226 940 366 1031 suerint,
392 939 536 1036 Deoque
561 937 737 1010 obstrictae
763 938 863 1011 titulo
888 941 1061 1039 religionis

93 1071 128 1127 et
153 1053 240 1152 grati
258 1051 384 1141 animi,
410 1075 471 1121 seu
497 1049 671 1121 charitatis
697 1066 732 1121 et
750 1049 978 1124 obedientia:
1006 1079 1060 1128 ve·

93 1181 289 1238 rumtamen
313 1161 459 1234 infinitae
476 1175 512 1230 et
529 1160 660 1232 Christi
685 1163 835 1261 proprias
862 1162 1010 1256 suerunt,
1027 1181 1062 1238 et

91 1277 214 1374 quovis
239 1274 361 1348 solutae
386 1271 504 1344 debito
529 1269 721 1344 secundum
747 1273 919 1366 valorem,
944 1291 984 1346 ut
1008 1265 1078 1378 ap¹

90 1387 233 1487 pellant,
249 1383 516 1459 substantialem
533 1397 593 1453 aut
609 1383 837 1483 personalem,
850 1387 947 1484 juxta
965 1390 1059 1462 hunc
1136 1377 1139 1386 ’

89 1520 219 1594 nempe
244 1492 399 1566 valorem
424 1491 610 1582 infinitum,
635 1491 773 1588 qualem
799 1494 936 1592 penitus
961 1496 998 1567 in
1024 1523 1060 1571 se

87 1603 292 1678 derivarunt
317 1628 337 1672 a
362 1626 425 1673 suo
450 1601 621 1702 principio
642 1601 752 1699 quod5
770 1602 933 1676 sciliceta
950 1632 1062 1704 perso·

83 1740 136 1785 na
161 1714 228 1785 Dei
252 1711 371 1803 Verbi,
397 1737 475 1808 quae
500 1735 625 1810 corpus
650 1737 690 1782 ac
715 1711 875 1802 animam,
889 1714 998 1785 vitam
1022 1741 1062 1788 ac

82 1823 257 1896 beneficia
289 1821 477 1920 gratiarum
503 1820 633 1893 Christi
650 1821 713 1894 sihi
730 1820 916 1896 vindicavit
931 1823 968 1896 in
983 1852 1061 1923 pro·

84 1936 284 2036 prietatem.
309 1932 436 2004 Itidem
462 1959 505 2003 ex
530 1959 585 2024 eo,
611 1932 705 2032 quod
731 1934 887 2004 Christus
912 1949 952 2005 ut
967 1936 1061 2007 Deus

88 2045 197 2116 homo
223 2041 399 2134 satisfecit,
424 2039 608 2115 satisfactio
638 2041 703 2112 fnit
727 2041 771 2111 ad
798 2040 966 2134 alterum,
990 2069 1061 2116 non

92 2153 207 2226 solum
231 2168 338 2252 prout
363 2150 515 2224 exhibita
540 2155 634 2225 Patri
660 2169 700 2223 et·
721 2153 860 2252 Spiritui
878 2154 930 2247 S.,
947 2157 1007 2251 qui
1024 2156 1061 2225 in

90 2265 247 2365 personis
271 2263 407 2335 realiter
433 2289 452 2334 a
477 2289 625 2364 persona
649 2264 756 2336 Verbi
781 2263 1059 2362 distinguuntur3

14 2443 15 2462 ,
92 2371 153 2446 sed
176 2373 281 2446 etiam
307 2387 346 2442 ut
362 2373 515 2471 praestita
531 2373 606 2444 Deo
623 2370 751 2463 Verbo,
769 2371 862 2470 quod
879 2375 969 2445 inse
987 2372 1061 2444 sub·

14 2517 15 2540 t
92 2481 214 2552 sistens
239 2479 429 2552 virtualiter
455 2479 676 2579 distinguitur
702 2507 720 2552 a
744 2482 870 2580 seipso,
894 2496 1000 2582 prout
1024 2482 1074 2552 in

14 2619 15 2688 j
91 2593 303 2664 humanitate
328 2592 492 2664 subsistit.
517 2591 573 2662 An
599 2619 693 2689 ergo,
711 2593 770 2689 qui
789 2593 838 2664 sic
854 2591 1060 2691 respondeat

14 2715 15 2790 ξ
92 2725 197 2796 seque
221 2700 268 2771 ita
286 2716 497 2792 contutatur,
509 2699 633 2795 fugiet
652 2725 767 2788 orma,
784 2715 889 2800 prout
905 2699 941 2768 in
958 2695 1063 2788 John,-

85 2821 127 2890 ¹ct
150 2809 257 2881 irruet
281 2811 318 2880 in
343 2833 471 2882 orcum
495 2809 661 2880 curcum?

146 4055 233 4103 TOM·
260 4056 291 4103 11
319 4057 401 4106 VOL·
427 4055 443 4101 1
