2708 4800
280 413 354 490 172
528 437 590 484 tn.
615 437 650 484 tv
675 434 845 484 srcrtorns
869 436 904 484 tv
930 435 962 482 c
988 437 1015 482 u

277 553 346 601 nns
368 526 445 625 ipsa
469 519 585 594 divina
608 546 756 621 persona
785 520 919 591 nemini
951 517 1152 620 quidpiam
1178 514 1273 595 abso

277 637 352 710 lute
378 631 546 706 debehat:
571 629 764 728 eademque
790 629 936 701 demum
969 626 1177 702 satisfactio
1210 627 1271 701 suit

273 747 324 819 nd
345 746 513 832 alterurn,
538 743 704 840 quoniam
728 741 805 814 Deo
829 739 896 812 suit
916 738 1195 838 simplicissimo
1218 767 1268 813 ex·

272 857 385 930 hibita
409 855 455 927 ab
480 880 542 945 eo,
568 855 630 950 qui
655 851 761 924 simul
786 868 840 924 est
868 851 964 922 Deus
990 866 1029 922 et
1056 852 1188 926 homo.
1211 855 1268 924 Er·

272 992 320 1066 go
345 966 480 1038 nedum
504 962 571 1034 suit
604 960 815 1060 sequitalens
847 976 952 1057 atque
986 959 1267 1051 transcendens,

272 1073 394 1173 (unde
420 1073 589 1162 dimanat,
612 1097 686 1143 non
711 1071 866 1170 potuisse
891 1070 1020 1160 Deum,
1046 1072 1146 1143 tanti
1171 1069 1266 1144 Fide·

272 1185 419 1284 jussoris
445 1207 517 1254 non
542 1197 724 1281 acceptare
750 1179 1046 1271 satisfactionem,
1073 1197 1263 1282 postquam

275 1293 385 1367 semel
400 1291 533 1364 liberali
550 1292 788 1364 munificentia
804 1293 920 1391 ipsum
938 1290 1038 1363 dedit
1051 1292 1095 1362 in
1108 1293 1260 1387 vadem),
1329 1348 1333 1357 .

279 1420 424 1478 ceteras
449 1403 555 1474 etiam
581 1402 711 1474 strietae
737 1416 937 1498 exactaeque
959 1401 1114 1498 justitiae
1148 1400 1261 1474 condi

280 1517 396 1590 tiones
420 1515 552 1588 habuit

330 1745 543 1821 OBJECTA
560 1744 752 1818 solvtmtur.
769 1743 950 1817 Adversus
965 1744 1126 1844 primam
1138 1747 1260 1820 thesim

279 1861 319 1932 t⁰
344 1856 514 1958 objiciunt
539 1855 724 1929 Socinim'n
750 1854 920 1946 Christus,
935 1870 977 1925 ut
1001 1871 1183 1930 testantur
1202 1857 1261 1930 elo

280 1970 363 2068 quia
389 1968 592 2066 Scripturae,
616 1965 834 2038 annuntiavit
852 1966 943 2037 viam
960 1963 1085 2041 salutis
1112 1983 1259 2057 aeternae,

276 2074 427 2179 praebuit
439 2071 599 2174 exempla
615 2075 798 2165 virtutum,
814 2099 946 2147 novum
964 2072 1084 2146 foedus
1103 2076 1258 2164 sancivit,

281 2187 399 2260 omnia
424 2201 539 2257 morte
555 2199 602 2263 ¹et
626 2187 880 2256 resurrectione
906 2185 1155 2283 consignavit:
1182 2210 1258 2284 ergo

278 2295 340 2370 tali
365 2295 547 2368 dumtaxat
563 2295 756 2394 improprio
772 2321 876 2368 sensu
893 2312 946 2367 est
963 2297 1133 2370 Servator
1157 2295 1262 2370 homi·

279 2433 378 2481 num
403 2381 447 2502 li
472 2406 513 2479 N.
539 2407 826 2502 consequentiam
851 2408 942 2481 hanc
966 2407 1121 2500 sutilem,
1143 2407 1261 2482 acutis-

280 2515 377 2591 simis
401 2512 592 2587 dialecticis
609 2514 737 2587 Socino
758 2515 899 2614 ejusque
917 2517 1056 2589 amasiis
1072 2517 1262 2618 indignam.

281 2625 378 2719 Quid
402 2651 499 2699 nunc
523 2623 608 2698 boni
626 2624 800 2723 reliquum
817 2627 884 2700 etit
901 2625 1061 2700 eisdem?
1088 2655 1166 2703 non
1191 2654 1262 2730 apo

278 2737 402 2813 stolica
426 2733 578 2826 traditio,
603 2759 709 2832 quam
734 2749 914 2835 spernunt,
932 2761 1004 2806 non
1021 2735 1261 2838 philosophica

281 2856 511 2946 ratiocinatio,
537 2879 644 2953 quam
670 2851 827 2946 foedant3
853 2881 925 2926 non
950 2857 1165 2956 prophetica
1190 2855 1262 2931 scri·

279 2968 367 3067 ptio,
393 2992 499 3065 quam
525 2971 585 3037 aut
610 2962 831 3062 distorquent
856 2980 917 3037 aut
942 2964 1088 3038 calcant:
1108 2994 1196 3040 nam
1211 2991 1261 3039 ne·

284 3101 352 3173 que
379 3074 533 3147 divinam
558 3098 595 3144 se
621 3071 821 3145 auditurum
847 3099 921 3146 esse
947 3075 1181 3174 Scripturam,
1197 3101 1264 3148 non

280 3185 365 3257 huic
389 3209 426 3254 se
451 3180 621 3279 dogmati,
637 3181 734 3278 quod
750 3207 939 3276 versamur,
954 3208 1194 3279 assensurum,
1209 3183 1262 3256 So

282 3292 383 3366 cinus
408 3288 635 3361 audacissime
661 3289 806 3362 scribit:
831 3316 894 3388 ego
920 3292 1065 3393 quidem
1090 3320 1162 3369 nec
1186 3298 1218 3370 si
1231 3319 1264 3365 w

283 3401 387 3502 bique
413 3401 618 3474 clarissimis
645 3399 755 3474 verbis
781 3415 947 3478 testatum
973 3407 1190 3502 reperirem,
1218 3409 1264 3480 sic

285 3529 406 3587 tamen
434 3535 509 3584 rem
526 3535 562 3583 se
579 3508 721 3599 habere,
739 3509 832 3584 mitt
845 3530 1070 3613 compertum
1086 3534 1189 3593 esset.
1205 3520 1266 3590 Lu·

283 3623 410 3699 benter
435 3637 554 3695 autem
578 3647 643 3694 nos
668 3621 905 3718 admittimus,
930 3622 1033 3698 fuisse
1059 3625 1197 3703 directa
1225 3629 1267 3702 ad

283 3751 441 3812 nostram
466 3735 734 3808 instructionem
758 3751 795 3807 et
828 3736 1002 3830 salutem,
1032 3765 1266 3843 quaecumque

288 3846 449 3920 Christus
475 3846 548 3945 egit
572 3846 610 3918 in
635 3860 712 3919 toto
737 3871 841 3920 cursu
865 3849 947 3925 vitoe
980 3852 1170 3927 suntsed
1199 3879 1267 3928 non
