2908 4962
414 491 456 538 ur
482 457 588 536 imni
609 489 739 538 cnnrsrr
991 466 1062 542 147

82 555 125 676 lb.
151 578 338 678 Dionysius
363 601 435 648 non
461 601 574 647 unam
600 573 688 648 dixit
713 578 975 677 operationem,
1002 580 1064 652 sed

79 719 210 767 novum
222 723 239 782 ‚·
264 709 300 765 et
325 691 473 764 mutatio
498 691 535 761 in
560 693 750 793 scriptione
775 693 934 793 Dionysii
971 695 1063 768 lacta

79 823 144 878 est
165 805 285 878 fraude
321 802 641 878 Monothelitarum.
668 803 741 876 sed·
764 806 828 877 hac
862 807 1062 900 transmissa

77 927 313 1028 corruptione,
339 950 444 1022 quam
471 921 614 1020 quidem
631 921 673 993 iis
690 921 921 996 nebulonibus
944 951 1063 1025 expro·
1098 963 1100 971 v
1201 933 1206 946 '

77 1031 191 1107 brevit
218 1033 415 1107 Concilium
440 1034 557 1103 Later.
582 1029 648 1103 sub
675 1033 826 1106 Martino
843 1034 936 1132 Papa
954 1035 990 1126 Ι,
1007 1033 1064 1104 ad·

78 1160 298 1246 verteratque
326 1147 400 1246 jam
435 1160 535 1216 antea
570 1143 809 1244 Sophronius;
836 1146 901 1216 etsi
925 1145 1064 1218 -dixerit

78 1258 281 1358 Dionysius,
306 1283 419 1329 unam
446 1281 520 1328 esse
546 1256 581 1328 in
609 1257 749 1329 Christo
775 1256 1014 1330 theandricam
1032 1284 1064 1330 o

78 1367 309 1465 perationem,
335 1381 371 1437 et
397 1390 598 1462 quanquam
624 1364 661 1434 in
678 1391 721 1436 eo
738 1366 855 1464 posuit
872 1367 978 1438 etiam
996 1366 1065 1466 Cy·

78 1477 177 1550 rillus
201 1503 307 1549 unam
337 1476 579 1575 operationem
613 1493 822 1574 cognatam:
848 1504 922 1549 nou
955 1503 1062 1550 unam

78 1587 160 1660 ideo
187 1587 384 1688 simplicem
408 1585 667 1677 intellexerunt,
685 1586 746 1657 sed
772 1614 879 1660 unam
904 1589 1065 1678 mixtam,
1135 1593 1139 1602 ’

77 1721 160 1791 quae
185 1695 319 1768 scilicet
344 1694 387 1766 ab
415 1709 560 1790 utraque
586 1710 710 1766 natura
735 1695 911 1795 procedat.
933 1698 974 1768 ln
993 1723 1064 1794 quo

71 1829 208 1896 sensu,
233 1805 293 1902 qui
319 1803 413 1877 dicat
445 1803 651 1876 Deivirilem
685 1805 948 1904 operationem,
981 1831 1065 1876 euru

76 1915 206 1988 merito
227 1915 395 2014 judicavit
419 1917 590 1987 Martinus
614 1941 705 2016 papa
730 1917 747 1987 Ι
780 1915 869 1988 duas
894 1915 1066 2011 signfica-

80 2049 117 2097 νε
141 2027 363 2121 operationes
376 2052 392 2122 ,ᾗ
412 2023 506 2094 unde
541 2023 685 2121 quidam
721 2021 960 2096 Monothelitae
991 2049 1062 2096 nau

79 2131 341 2230 theandricam,
366 2149 471 2233 prout
496 2133 553 2204 ille
579 2132 752 2223 observat,
778 2131 840 2204 sed
867 2153 972 2202 unam
998 2130 1065 2202 cal·

79 2241 184 2315 lidius
210 2247 451 2344 operationem
477 2244 764 2324 Deo-decibilem
783 2267 823 2314 ae
840 2241 993 2314 divinam
1011 2265 1065 2310 ex·

81 2353 293 2453 primebant.

127 2463 303 2535 Nimirum
329 2461 457 2562 triplex
483 2479 535 2534 est
562 2488 671 2560 genus
707 2461 888 2532 actionum
915 2456 1063 2529 Chri-sti:

80 2571 157 2644 aliae
182 2572 335 2662 luerunt,
361 2598 446 2670 quas
473 2573 633 2643 Christus
659 2587 698 2641 ut
723 2571 818 2641 Deus
843 2582 980 2638 tantum
1007 2591 1065 2664 pa·

78 2679 215 2775 trabat,
240 2682 341 2755 sicuti
374 2707 456 2753 cum
489 2681 621 2752 sanavit
647 2678 772 2748 absens
799 2674 910 2746 silium
938 2674 1064 2743 Centu-

79 2793 198 2886 rionis,
224 2796 349 2892 haeque
368 2817 461 2889 pure
486 2791 613 2862 divina
631 2789 817 2875 dicuntur;
844 2783 920 2856 aliae
948 2797 1064 2852 autem

82 2905 225 2978 luerunt
242 2931 335 3003 pure
360 2903 544 2988 bantana,
570 2917 610 2972 ut
635 2898 874 2996 ingemiscere,
890 2894 974 2994 pati,
991 2917 1065 2962 oru-

80 3043 118 3088 re
144 3034 182 3089 et
207 3015 341 3108 similia,
368 3041 447 3112 quae
473 3016 635 3085 humanae
661 3024 742 3080 sunt
759 3005 900 3108 propria
923 3018 1065 3074 naturae.

79 3131 169 3203 Aliae
194 3128 338 3202 tandem
363 3131 504 3213 mixta,
533 3123 741 3197 Dei-uiriles
766 3137 802 3193 et
832 3114 1065 3190 'J‘teaudrnae

79 3258 263 3315 vocantur:
290 3241 499 3337 fueruntque
524 3237 603 3318 illic,
622 3259 712 3334 quae,
739 3249 778 3304 ut
804 3230 922 3320 dixi,a
945 3223 1066 3298 diviua

81 3376 143 3449 per
168 3376 266 3422 suam
293 3347 595 3449 omnipotentiam,
621 3361 657 3416 et
683 3345 833 3414 hnmana
861 3334 991 3410 Christi
1009 3359 1064 3403 na·

82 3477 157 3532 tura
182 3487 247 3562 per
272 3487 375 3532 suum
400 3473 602 3531 contactum
628 3471 688 3526 aut
712 3479 838 3527 vocem
868 3464 927 3520 aut
965 3442 1067 3516 insul·

81 3571 259 3646 stationem
283 3569 521 3672 prodiverunt3
547 3570 759 3667 hujusceque
787 3561 883 3635 modi
902 3573 983 3631 sunt
1000 3556 1064 3626 mi·

83 3685 209 3775 recula,
236 3711 314 3782 quoe
340 3680 476 3771 edebat,
502 3680 602 3752 eoecis
626 3673 807 3748 illiniendo
824 3671 1010 3744 restituens
1027 3692 1062 3734 o·

84 3795 202 3889 culos,
229 3812 288 3867 aut
315 3795 389 3867 solo
416 3808 510 3864 tactu
538 3791 661 3861 sistens
687 3783 962 3858 llemorrlroissoe
990 3800 1067 3874 pro·
