2908 4962
389 532 431 577 nr.
459 529 588 578 cnnrsrr
615 529 763 578 corrone
993 512 1064 584 tre

82 633 121 690 et
134 617 210 690 ahie
222 643 304 692 curn
322 612 487 691 omnibus
505 615 628 714 primis
644 619 841 713 unguentis.
855 648 871 690 u
890 618 960 691 Adi·
974 624 1065 694 Con·

80 731 281 804 tensonium
299 733 336 802 in
354 728 567 823 Muriologin
581 741 617 798 et
634 730 786 799 maxime
804 731 1063 831 Hieronymum

79 841 120 912 in
137 840 214 913 Lib.
233 840 399 914 adversus
417 836 638 926 IIelvidium3
657 837 716 907 ubi
735 841 950 912 rusticanum
969 844 1063 916 hunc

78 949 210 1047 vixque
236 952 360 1051 primis
386 947 562 1019 imbutum
580 947 705 1018 litteris
724 949 950 1040 IIaereticum,
970 977 1061 1024 emo·

77 1060 178 1158 tique
204 1061 328 1160 capitis
354 1058 546 1146 hominem,
573 1071 609 1127 et
633 1057 669 1127 in
697 1082 746 1128 eo*
766 1059 883 1130 Mariae
909 1061 1063 1156 Virginis

78 1165 297 1242 adversarios
309 1165 662 1257 Antidicomarianos,
680 1181 858 1264 expugnat
870 1168 1064 1265 acriterque

77 1278 268 1356 divexat*
283 1279 352 1351 Adi
378 1303 533 1377 quoque,
558 1277 645 1350 dum
670 1303 784 1368 vacas,
810 1279 900 1350 circa
919 1279 1064 1351 Concla-
1157 1342 1158 1345 ,

76 1412 123 1459 ve
147 1412 286 1460 sacrum
311 1388 560 1462 Nazarethanae
587 1385 724 1478 domus,
741 1386 901 1460 Natalem
918 1385 1065 1461 Alexan·

77 1493 183 1566 drum
210 1495 376 1594 aliosque.
401 1494 494 1567 Illud
510 1521 640 1595 nempe
658 1493 835 1587 conclave,
848 1497 884 1566 in
902 1522 974 1593 quo
992 1499 1064 1570 Vir·

77 1632 125 1704 go
150 1606 217 1679 suit
242 1607 286 1678 ab
303 1607 442 1705 Angelo
461 1606 618 1697 salutata,
635 1605 842 1677 translatum
865 1605 969 1679 luisse
987 1633 1064 1707 pro·

75 1715 212 1816 digiose
237 1745 302 1818 per
327 1729 444 1790 aerem
461 1715 505 1788 ab
520 1715 675 1814 Angelis,
701 1715 745 1786 ab
771 1719 892 1815 eisque
919 1718 1062 1790 tandem

74 1825 114 1896 in
140 1823 231 1916 loco,
256 1827 316 1898 uhi
340 1828 461 1899 civitas
479 1850 575 1896 nune
591 1827 786 1897 Lauretana
804 1827 974 1918 consistit,
996 1827 1061 1900 sub

73 1931 197 2006 saeculi
222 1933 307 2006 XIII
331 1960 493 2006 occasum
520 1933 624 2006 fuisse
651 1933 1057 2034 depositun13cumAle·

74 2043 210 2116 xander
233 2062 352 2119 narrat
377 2046 422 2118 ad
448 2072 524 2119 saec.
564 2045 669 2138 XIII,
696 2063 772 2117 tum
807 2073 851 2118 ex
885 2047 1060 2120 miraculiS

75 2153 202 2254 probat
227 2155 455 2260 Tursellinusz
479 2181 617 2228 necnon
644 2154 699 2225 alii
713 2154 913 2254 complures
926 2181 969 2226 ex
996 2169 1062 2226 tras

77 2266 209 2338 thaone
234 2269 458 2340 confirmant.
699 2337 700 2342 ,

129 2365 323 2466 opponunt
335 2370 716 2442 Antidicomarianitoe.
726 2361 840 2440 'Lucae
856 2371 876 2440 2
891 2367 935 2440 de
954 2369 1060 2441 Maria

77 2493 114 2551 et
129 2479 369 2580 puerulotesu
384 2479 606 2581 perhibetur:
618 2495 812 2579 postquam
830 2480 964 2576 impleti
977 2496 1061 2552 sunt

76 2589 148 2662 dies
175 2595 400 2688 purgationis
425 2592 552 2663 Murice
577 2589 776 2662 secuudum
815 2588 927 2684 legem
955 2590 1058 2688 moyn

77 2705 121 2786 si,
136 2701 295 2772 mlertent
311 2701 416 2773 illum
433 2704 471 2772 in
488 2701 712 2786 Jerusalem,
722 2717 763 2772 ut
789 2703 949 2772 sisterent
974 2725 1059 2770 eum

76 2814 253 2884 Domino:
280 2838 364 2910 ergo
390 2838 531 2884 neeesse
559 2809 637 2900 suit,
664 2827 703 2881 ut
733 2813 841 2884 Maria
868 2824 949 2911 post
983 2835 1059 2906 par·

76 2938 153 2994 tum
170 2941 389 3022 purgaretur,
405 2922 622 3022 proindeque
640 2922 676 2991 in
694 2939 796 3022 partu
817 2921 1057 3018 virginitatem

76 3058 148 3105 non
182 3035 331 3107 servavit
364 3032 550 3104 illibatam.
581 3007 613 3128 Il
648 3030 810 3126 negando
845 3051 1059 3122 consequen·

75 3141 172 3211 tiam.
189 3143 273 3214 llaec
297 3166 364 3214 nec
382 3141 563 3214 Christum
582 3141 779 3237 significant
797 3152 1006 3211 caeterorum
1025 3136 1059 3204 li·

75 3245 203 3319 liorum
228 3273 327 3321 more
353 3265 475 3320 natum
502 3273 586 3338 esse,
612 3273 679 3320 nec
704 3249 880 3348 peperisse
907 3244 1056 3313 Matrem

77 3357 151 3454 ejus
177 3357 322 3429 Mariam
347 3383 446 3430 more
474 3371 692 3448 caeterarum;
719 3356 782 3428 sed
809 3346 1058 3425 commendant
1154 3417 1162 3429 ,

75 3487 112 3543 et
137 3471 198 3544 lilii
224 3489 259 3544 et
284 3474 406 3544 matris
432 3469 680 3560 humilitatem,
698 3471 858 3566 quicum
890 3463 938 3534 nil
965 3463 1059 3533 simi·

74 3580 108 3653 Ic
135 3585 268 3656 ceteris
293 3580 450 3680 nihilque
475 3580 563 3652 labis
589 3581 725 3679 experti
751 3579 907 3670 fuissent,
941 3571 1058 3644 eidem

75 3692 159 3790 legi,
184 3719 326 3766 omnem
352 3691 585 3765 masculinum
610 3691 888 3790 primogenitum
914 3684 1059 3758 offeren-

76 3798 113 3869 di
138 3801 224 3892 Deo,
241 3827 315 3873 sese
341 3801 491 3874 subdere
516 3825 589 3870 non
615 3814 817 3889 renuerunt,
844 3795 888 3867 ad
915 3789 1057 3866 scanda-

78 3907 153 3981 lum
171 3911 363 3983 vitandum.
381 3907 618 3984 Consimiliter
636 3905 731 3980 idem
749 3907 909 3980 Christus
926 3903 961 3973 in
979 3897 1057 3972 obe·
1103 3935 1107 3944 ·

131 4045 220 4094 ron.
246 4048 279 4096 11
306 4048 389 4100 ror.
416 4048 431 4093 1
981 4035 1004 4106 9
