2942 4962
273 477 316 528 us
341 477 427 528 vum
453 475 581 526 cuursrr
607 475 857 542 snrtsrlcrrone
894 458 895 464 ’
991 449 1065 528 1⁴75

83 569 140 650 tis,
168 562 311 650 zelotes,
325 565 452 659 ¹justus
478 563 832 659 visitat-iniquitatem
852 560 1000 638 Petrum
1027 565 1066 634 in

75 677 177 776 filios
203 677 242 747 in
268 676 410 748 tertiam
425 688 460 747 et
475 688 641 772 quartam
655 675 931 770 generationem,
949 689 988 746 ut
1004 673 1068 746 ibi·

84 783 168 856 dem
194 807 224 856 c.
252 784 298 858 20
325 782 421 855 Deus
445 781 519 882 ipse
545 795 768 886 protestatur.

135 893 246 995 Objic.
273 895 307 986 4.
333 894 368 966 Is
393 919 474 968 vere
500 907 537 966 et
561 893 703 994 proprie
720 919 792 966 non
810 891 974 968 satisfecit
997 919 1064 993 pro

84 1004 239 1108 peccatis
263 1001 459 1093 hominum,
477 1003 537 1100 qui
554 1028 625 1075 non
643 999 745 1076 solvit
762 1028 867 1075 omne
893 1002 1062 1090 debitum,

84 1141 146 1188 seu
172 1129 284 1186 tutem
300 1138 443 1214 poenum
461 1137 532 1184 non
550 1110 688 1203 subivit,
706 1111 762 1184 cui
779 1110 1065 1211 subjiciebantur:

84 1225 181 1324 atqui
207 1224 367 1296 homines
392 1220 665 1320 subjiciebantur
690 1239 831 1294 aeternae
857 1225 975 1316 morti,
1000 1250 1071 1298 nec·

85 1336 247 1408 Christus
273 1349 426 1406 mortem
461 1332 622 1404 sustinuit
655 1349 843 1406 aeternam:
871 1361 955 1432 ergo
982 1353 1069 1410 etc..

86 1421 133 1543 ld.
150 1445 239 1517 Dist.
256 1444 452 1516 minorem:
471 1457 623 1514 mortem
638 1468 709 1512 non
727 1444 877 1543 oppetiit
887 1461 1071 1539 octauam,

86 1569 247 1656 spectata
273 1553 375 1651 hujus
399 1552 534 1626 infinita
564 1547 755 1644 duratione,
790 1553 967 1646 conced03
997 1583 1073 1629 non

84 1661 195 1735 subiit
219 1677 373 1732 mortem
391 1686 431 1732 ac
448 1686 602 1760 poenam,
619 1676 754 1732 attento
771 1661 888 1732 valore
915 1664 1072 1762 ejusdem

82 1770 239 1862 infinito,
265 1770 486 1868 sempiternae
503 1795 646 1870 prorsus
663 1768 942 1868 aequivolentenr,
959 1801 993 1844 n.
1011 1776 1072 1846 mi·

86 1906 226 1954 norem.
253 1879 448 1954 satisfactio
474 1897 527 1952 est
552 1880 702 1954 redditio
728 1883 779 1954 rei
808 1882 1075 1982 aequivalenus,

87 2020 164 2067 non
190 2019 274 2066 vero
300 2018 443 2092 prorsus
464 1991 630 2092 ejusdem.
648 1994 816 2084 Quamvis
833 1996 951 2094 itaque
976 2021 1075 2072 mors

89 2102 224 2174 Christi
249 2101 460 2201 temporaria
486 2100 552 2172 suit
568 2103 734 2202 physice:
753 2119 789 2174 at
806 2102 1008 2176 aestimanda
1028 2122 1073 2177 ta-

88 2237 175 2283 men
201 2225 254 2282 est
279 2223 426 2310 propter
451 2210 625 2282 infinitam
651 2236 823 2310 personae·
841 2210 1049 2312 dignitatem
1061 2267 1072 2306 ‚

89 2320 127 2392 in
154 2332 325 2418 quantum
350 2343 430 2402 curo
455 2318 522 2392 Dei
548 2333 622 2390 erat
635 2373 648 2406 ,
674 2345 753 2417 quae
779 2321 949 2422 pependit
974 2321 1010 2393 in
1035 2321 1075 2394 li·

89 2455 181 2530 gno,
194 2425 309 2527 quoad
325 2427 478 2530 pretium
505 2427 727 2526 velocemque
753 2430 974 2530 personalem
999 2456 1075 2504 mo·

90 2539 209 2612 naliter
225 2539 371 2632 infinita,
388 2554 423 2611 et
442 2555 581 2612 oeternae
598 2540 783 2614 hominum
799 2543 975 2642 punitioni
992 2568 1077 2616 coee-

91 2647 204 2748 qualis
229 2664 290 2721 eut
315 2646 549 2746 aequivalens3
575 2647 666 2718 idest
690 2649 875 2748 plusquam
905 2648 1077 2743 sufficiens

92 2755 140 2829 ad
165 2756 466 2858 compensandum
492 2783 615 2858 poenas
638 2759 791 2828 infinitas
821 2758 857 2826 in
887 2755 1078 2850 duratione,

94 2881 132 2938 et
157 2863 403 2940 adducendum
425 2869 604 2940 universos
624 2868 783 2940 homines
799 2868 836 2936 in
854 2869 1077 2967 sempiternes

98 2991 134 3048 et
159 2976 272 3050 beatae
298 2981 381 3052 vitae
406 2977 621 3052 fruitionem.

145 3087 251 3160 Dices
276 3088 313 3158 in
341 3089 401 3160 2¹¹³
426 3089 566 3160 thesim.
593 3088 627 3158 S.
652 3085 780 3158 Paulus
807 3084 852 3158 ad
888 3086 1020 3160 Coloss.
1046 3114 1076 3162 c.

98 3197 112 3266 1
147 3196 302 3294 scripsit:
328 3196 503 3293 adimpleo
529 3221 585 3280 eo,
610 3221 689 3296 quoe
719 3194 847 3266 desunt
868 3199 1080 3292 passionum

100 3303 243 3400 Christi,
269 3308 307 3378 in
325 3329 432 3378 carne
450 3332 554 3378 mea:
582 3307 609 3378 si
627 3332 711 3404 ergo
729 3305 858 3404 aliquid
876 3305 987 3398 deest,
1004 3332 1081 3405 per·

98 3415 190 3488 lecta
217 3441 289 3486 non
315 3413 382 3486 fuit
407 3431 512 3514 atque
537 3415 735 3488 redundans
761 3415 958 3507 satisfactio,
975 3439 1081 3513 quem

100 3527 258 3599 Christus
292 3526 446 3600 exsolvit.
482 3505 526 3625 ld.
557 3528 644 3600 Dist.
672 3553 909 3626 consequens:
936 3529 965 3598 si
996 3526 1081 3625 quid

100 3636 189 3710 desit
202 3665 246 3710 ex
263 3655 363 3737 parte
376 3640 430 3710 sui
446 3641 580 3711 ratione
594 3640 730 3732 valoris,
742 3666 772 3711 c.
786 3641 1080 3736 consequentiam3

101 3749 130 3818 si
144 3773 187 3820 ex
200 3763 298 3847 parte
312 3747 465 3841 alterius,
480 3777 515 3820 n.
533 3749 828 3846 consequentiam.
842 3749 956 3820 Verba
973 3747 1081 3838 Pauli,

101 3859 151 3928 ait
167 3858 356 3956 Angelicus
373 3860 409 3932 in
422 3863 516 3932 hunc
532 3859 660 3952 locum,
664 3859 763 3956 juxta
777 3860 995 3958 superficiem
1009 3882 1080 3928 ma·
