2908 4962
263 522 306 570 nr
323 519 542 576 merssnire
561 519 604 568 rr
623 517 734 568 musis
751 518 878 568 rueras.
1015 497 1061 570 et

79 623 162 686 stus
186 603 485 696 homoexhibeat,
503 601 565 680 sed
582 630 625 676 ex
642 605 808 702 aequitate
825 605 1073 680 etmiserieon·

80 717 145 790 dia
170 731 330 816 acceptat
348 711 611 816 imperfectam:
629 711 905 812 cujusbenignae
931 713 1073 812 signum

80 829 278 903 uoluntatis
301 825 383 904 inde
405 823 600 916 efflorescit,
617 825 720 924 quod=
729 823 908 901 venialiter
919 851 1071 926 pecean-

82 955 173 1030 tem,
198 936 348 1036 ideoque
366 961 410 1007 ex
431 933 602 1032 Angelico
629 933 869 1032 reparabiliter
891 935 1072 1009 deordina

83 1067 181 1138 tum,
205 1079 225 1122 a
252 1076 288 1122 se
312 1049 408 1121 Deus
433 1073 506 1120 non
532 1045 679 1147 abjiciat,
705 1063 741 1121 et
770 1047 966 1120 amicitiam
986 1073 1075 1126 eum

86 1159 141 1232 sic
166 1173 333 1258 peccante
358 1181 430 1230 non
447 1155 643 1260 abrumpat.
661 1159 753 1232 Hine
763 1158 878 1257 justus
894 1157 1075 1231 venialiter

85 1265 232 1366 lapsus,
257 1266 338 1363 quia
363 1291 436 1338 non
462 1265 568 1346 simul
593 1292 733 1342 aversus
759 1265 802 1340 ab
828 1265 958 1338 ultimo
982 1269 1074 1360 line,

86 1393 209 1478 potest
233 1377 271 1449 in
296 1402 521 1476 quocumque
547 1392 639 1452 statu
668 1379 797 1452 mereri
822 1378 993 1477 gratiam,
1018 1379 1075 1452 cui

87 1513 134 1560 ex
159 1485 335 1585 condigno
360 1512 495 1561 annexa
521 1503 574 1560 est
587 1503 728 1566 ¹aeterna
753 1489 835 1562 vita.
934 1559 936 1565 A
1057 1525 1060 1530 ·

78 1641 80 1646 ·
143 1597 280 1668 Horum
310 1594 434 1666 similia
468 1595 747 1694 objectamenta,
777 1596 805 1668 si
839 1595 899 1667 ad·
917 1595 1075 1697 exposita

89 1703 261 1804 principia
287 1704 479 1804 exigantur,
504 1703 630 1780 debilia
655 1707 769 1800 fiunt,
794 1732 835 1779 ae
858 1731 1002 1806 prorsus
1019 1723 1077 1792 at·

89 1832 263 1888 teruntur.

143 1925 246 1998 Dices
271 1924 387 2024 quoad
406 1927 465 1998 l²m
486 1941 624 2027 partem
641 1925 805 2000 secunde
823 1925 1076 1998 Conclusionis.

95 2035 256 2108 Christus
281 2038 378 2110 venit
405 2039 442 2109 l⁰
468 2053 508 2110 ut
534 2037 700 2136 Mag'ster
726 2065 770 2110 ex
795 2038 892 2109 Matt.
920 2035 979 2128 23,
1004 2061 1076 2107 ma·

90 2143 200 2238 gister
224 2161 452 2220 vesterarius
477 2161 529 2219 est
556 2145 735 2234 Chartae·
764 2149 801 2218 2⁰
827 2151 866 2216 ut
891 2147 1013 2218 Pastor
1031 2171 1077 2218 ex

94 2253 140 2324 l0
167 2253 245 2345 lo,
269 2279 332 2351 ego
358 2281 441 2328 sam
459 2253 594 2328 ''Pastor
611 2255 744 2343 bonnm
763 2256 800 2326 3⁰
820 2269 858 2325 ut
878 2255 1074 2354 Legislator

93 2389 137 2445 ex
161 2366 360 2466 Evangeliis
377 2383 414 2440 et
429 2368 570 2440 Litteris
596 2367 867 2468 Apostolorum:
894 2393 978 2466 ergo
1002 2394 1077 2440 non

92 2479 189 2550 venit
214 2495 254 2550 ut
277 2479 459 2554 Liberator
484 2497 521 2554 et
545 2481 772 2582 Redemptum
800 2481 856 2554 vel
872 2483 948 2554 haee
974 2482 1076 2553 unice

93 2585 289 2687 redemptio
314 2616 387 2662 non
411 2590 478 2662 suit
502 2591 674 2690 proxima,
704 2591 747 2662 ab
774 2591 885 2685 allatis
910 2591 1077 2689 sejuncta,

94 2701 204 2772 finalis
229 2726 330 2776 causa
347 2703 609 2774 Ineamationis.
635 2677 679 2798 ll
704 2702 745 2776 N.
777 2702 1074 2798 consequentiam.

84 2812 159 2906 ,Hae
183 2835 309 2884 ,omnes
334 2837 446 2885 causae
471 2811 591 2883 finales
616 2828 698 2883 sunt
720 2810 875 2882 totidem
911 2805 1076 2907 appendi-

93 2945 151 2992 ces
169 2935 205 2990 et
221 2922 433 2992 consectaria
450 2922 594 2995 intentae
613 2917 881 3019 redemptionis,
898 2914 944 2987 ad
969 2941 1076 3014 quam

94 3029 190 3103 velut
214 3029 259 3102 ad
283 3021 480 3132 principem
505 3034 613 3104 finem
639 3048 760 3132 suapte
780 3027 987 3114 ,reseruntur
999 3083 1010 3120 ,
1035 3041 1076 3098 ut

96 3141 168 3240 ipsa
202 3139 247 3210 ad
280 3142 388 3212 linem
422 3143 496 3240 ejus
531 3141 746 3216 Sacramenti
781 3137 971 3236 ultimum,
1009 3135 1076 3208 Dei

96 3279 224 3352 nempe
251 3253 417 3352 gloriam,
431 3257 663 3330 terminative
679 3234 850 3324 referlu'r.
874 3249 980 3322 Venit
1005 3250 1077 3346 qui·

96 3361 178 3432 dem
203 3379 322 3436 noster
347 3364 448 3436 lesus
474 3381 656 3462 tamquam
682 3364 848 3460 Magister
866 3387 906 3432 ae
927 3355 991 3430 lin
1014 3362 1076 3432 ho·

96 3474 255 3566 minum,
281 3475 344 3546 sed
377 3475 614 3548 habitantibus
640 3477 678 3546 in
709 3471 857 3545 tenebris
884 3485 917 3543 et
947 3470 1076 3541 umbra

97 3587 218 3656 mortis
231 3611 247 3670 ,·
273 3585 369 3658 venit
394 3602 561 3683 tanquam
589 3588 734 3673 Pastor,
760 3581 821 3654 sed
848 3597 887 3652 ut
916 3583 1077 3652 animam

97 3719 200 3766 sitam
224 3711 373 3791 poneret
394 3723 460 3793 pro
486 3696 609 3769 oribus
644 3698 746 3782 sais;
773 3695 869 3766 venit
903 3709 942 3762 ut
973 3706 1078 3789 eaput

96 3803 277 3904 religionis*
294 3833 334 3879 ac
358 3808 562 3906 Legislator,
588 3806 649 3880 sed
675 3807 735 3906 qui
751 3805 868 3905 legem
886 3805 1002 3905 pravis
1020 3805 1076 3872 ho-
