2932 4970
85 643 220 712 Graeeos‘
236 641 342 724 etiam‘
358 641 635 726 lesereffiullicos,
651 641 819 732 flispmos,
829 645 1070 732 'Germanicam

83 750 167 836 quin
190 759 224 815 et
235 746 434 814 “bobomleos
460 757 557 835 utque
581 747 786 835 florigeros}
804 751 927 836 immo,
948 753 1069 821 nedum

84 851 217 918 ltolieoo
238 849 367 937 saepius,
389 855 509 938 preter
528 848 592 917 alta
614 850 780 936 idiomata,
802 851 960 921 drabieos·
979 854 1068 923 insto

84 973 147 1043 per
168 975 205 1021 ae
230 953 393 1021 Tureioos.
771 972 788 1021 .·
815 963 838 990 ⁵
1024 987 1027 990 ·
1051 991 1053 996 ,

113 1055 179 1125 ‘Eo
201 1056 265 1124 lo'ci
283 1055 410 1144 itaque,
432 1075 474 1122 an
489 1063 602 1144 putas,
626 1057 784 1143 ellipse,
808 1052 897 1145 quod
919 1058 1064 1126 homines

80 1161 202 1228 saeouli
218 1159 298 1227 nibil
321 1175 489 1247 parumve
504 1159 699 1246 patiantur?
722 1165 789 1226 nun
818 1159 877 1226 lr'os
905 1159 1072 1241 invenies,

79 1263 211 1330 etiamsi
226 1261 468 1330 delicatissimos
483 1279 629 1347 quosque
645 1262 818 1348 quesieris.
837 1260 899 1328 Sed
915 1260 993 1328 dum
1013 1262 1071 1328 o'd-

80 1364 150 1433 huc
173 1361 439 1434 delectationibus
454 1381 492 1426 ue
508 1359 631 1430 deliciis
654 1357 796 1442 alluunt,
811 1381 878 1428 non
893 1362 965 1430 sine
977 1369 1072 1428 ⁴arrun-

81 1465 288 1533 montineto
311 1464 368 1544 eis,
391 1461 502 1528 tedio·
514 1475 553 1530 ae
565 1463 685 1534 timore
701 1463 880 1550 quieseunt.
897 1463 979 1545 Illas,
995 1459 1072 1534 sub·

84 1567 159 1649 dit,
182 1565 366 1634 inordinato
389 1574 588 1650 sequuntur:
610 1563 756 1652 jusredt
779 1566 903 1650 igitur«,
933 1576 970 1634 nt
992 1584 1068 1634 cum

84 1667 300 1734 amaritudine
324 1664 479 1752 expleant.
504 1665 530 1730 0
555 1687 653 1753 quam
683 1676 815 1754 turpes,
839 1688 933 1755 quam
956 1667 1065 1749 salue,

84 1793 184 1861 quam
219 1771 331 1838 breves
366 1780 442 1836 snut
478 1772 612 1837 omues!
649 1772 923 1838 verumenimvero
959 1772 1068 1838 miseri

84 1892 154 1962 prae
179 1871 332 1938 ebrietate
356 1871 564 1958 eaeeitateqne
588 1872 714 1952 mentis,
736 1871 928 1938 velut'muto
945 1874 1065 1937 unima-

83 1975 140 2056 lia‚
163 1986 295 2062 propter
318 1973 481 2040 modicum
498 1973 749 2061 contemptibilis
765 1975 841 2040 vitae
857 1974 1068 2040 delectamen-

85 2088 168 2158 tum,
190 2087 326 2142 mortem
350 2075 465 2140 anima
489 2074 668 2142 incurrunt.
693 2075 742 2142 Tu
765 2095 855 2162 ergo,
870 2074 927 2156 fili,
943 2075 1071 2142 conclu·

86 2176 138 2243 dit
160 2177 381 2244 Ecclesiastici
401 2177 493 2262 gravi
517 2178 663 2258 monito,
685 2191 758 2263 post
790 2177 1070 2265 concupiscentias

87 2295 166 2347 roos
189 2304 258 2347 ooo
282 2303 347 2361 eas,
370 2293 400 2346 et
423 2304 444 2345 o
467 2283 635 2347 voluntate
658 2294 720 2346 too
744 2294 903 2362 averter03
918 2279 972 2346 sed
998 2298 1071 2346 cum

85 2380 192 2448 David
216 2380 301 2468 Rege
326 2383 483 2448 delectere
507 2383 544 2448 in
563 2383 710 2448 Domaioo
734 2393 868 2448 tantum.
893 2381 941 2447 Sis
966 2382 1071 2462 etiam,

85 2497 125 2550 tu
148 2505 168 2550 o
191 2484 346 2566 studiose,
369 2495 405 2551 tu
428 2483 484 2566 lili,
500 2485 616 2552 addam
632 2506 694 2573 ego
711 2485 851 2566 tandem,
871 2485 967 2572 hujus
983 2504 1066 2550 sem·

84 2599 152 2674 per·
169 2586 216 2651 rei
239 2605 380 2652 memor:
411 2586 447 2650 in
478 2585 621 2662 Romana
650 2586 772 2674 seilicet
803 2587 883 2652 urbe
914 2584 1069 2672 templum

85 2685 279 2774 adsurgebat
309 2686 453 2754 Honoris
464 2720 478 2764 ,·
509 2698 729 2756 verumtamen
765 2686 995 2753 consultissime
1026 2684 1067 2750 ad

86 2791 192 2874 illud,
222 2792 353 2857 nonnisi
375 2811 435 2879 per
457 2791 614 2882 templum
639 2791 775 2857 Virtutis
805 2792 915 2872 ituro,
937 2784 1067 2877 patebat

90 2895 204 2962 aditus.

39 3171 42 3182 ¹
133 3101 205 3167 dam
229 3098 363 3182 bebetis,
387 3102 502 3188 optimi
524 3101 695 3181 Juvenum,
721 3097 988 3188 quantulumlibet
1012 3107 1071 3178 est,

88 3203 176 3290 quod
199 3203 281 3269 serio
306 3202 345 3268 ab
370 3204 464 3270 initio
488 3204 671 3294 pollicebar.
686 3204 758 3270 dam
781 3202 864 3268 sorte
885 3200 1017 3282 habetis,
1033 3211 1070 3268 ut

87 3304 182 3370 Tullii
206 3302 247 3369 ad
269 3300 371 3370 filium
394 3304 501 3372 verbis
525 3306 666 3393 eloquar,
685 3331 706 3372 u
721 3306 820 3372 Putre
835 3325 1069 3383 moneamur

87 3406 223 3493 parilem
239 3407 412 3487 sententio,
426 3429 610 3493 moyam
626 3407 828 3494 aedpera'nde
844 3406 905 3470 erit
920 3417 960 3470 ut
984 3427 1071 3469 ueco-

85 3507 215 3593 peritz’a:
238 3528 311 3596 quae
334 3509 387 3576 ille
411 3511 532 3596 profert
555 3512 590 3575 in
614 3530 785 3577 aureorum
808 3508 936 3595 epilogo
967 3507 1067 3574 libro-

87 3634 161 3681 rum
184 3618 222 3681 de
240 3617 513 3705 Officiis-Quos
529 3618 629 3710 probe
646 3639 745 3706 quum
761 3617 858 3684 modo
875 3635 1071 3682 memorave-

88 3721 161 3802 rim,
184 3741 285 3809 usque
308 3732 340 3789 et
363 3743 463 3810 usque
480 3724 618 3804 eosdem,
634 3725 661 3790 si
677 3721 817 3810 profanis
833 3721 929 3787 etiam
946 3721 1072 3786 ineum·
1126 3749 1128 3754 ·

88 3821 163 3889 bere
186 3825 345 3903 arrideat,
367 3823 427 3890 tibi
451 3822 662 3905 commendat
685 3832 723 3888 ut
736 3821 875 3886 lectione
890 3837 1001 3886 eorum
1018 3839 1072 3884 us-

91 3941 153 4008 qne
169 3921 284 3992 allatim
301 3925 407 3992 studio
422 3925 654 4012 virtutibusqes
678 3919 845 3989 nutriaris:
863 3922 983 4009 quippe
1007 3916 1072 3982 hel·

87 4019 145 4092 luo
157 4023 315 4098 librorum
326 4028 460 4112 Plinius,
472 4029 507 4094 in
522 4045 588 4094 sue
605 4024 754 4095 llistoriae
770 4022 925 4112 proaemio
941 4019 980 4086 ad
996 4017 1071 4086 Ves-
