2942 4962
372 507 444 580 All)
707 523 768 571 nn.
794 523 829 570 rv
854 519 1014 568 mrsuunr

370 613 504 686 docuit.
529 608 607 680 Hoc
632 606 793 678 similiter
819 618 1016 704 protestans
1043 600 1200 700 Angelus
1223 603 1351 676 loanni

370 725 407 794 iu'
433 717 656 820 Apocalypsi,
681 714 839 815 ejusdem
866 731 960 784 certe
986 739 1057 786 nou
1084 711 1149 784 sihi
1179 713 1353 786 recusavit

372 832 612 906 adorationem
638 845 678 901 ut
704 827 871 918 illicitam3
889 841 1132 900 verumtamen
1149 826 1351 916 insinuavit,

370 971 442 1017 non
469 942 584 1016 solum
601 940 721 1038 quanti
740 937 870 1010 laceret
888 937 1016 1009 Christi
1034 935 1234 1037 Apostolos,
1251 935 1348 1036 quip

369 1078 415 1152 pe
442 1065 478 1122 et
502 1050 569 1150 ipsi
595 1061 694 1118 erant
719 1059 886 1143 tanquam
911 1045 1038 1143 Augeli
1054 1071 1205 1144 vereque
1231 1043 1352 1114 nuncii

373 1161 569 1236 divinarum
594 1181 734 1250 rerum,
759 1171 814 1226 ast
839 1156 960 1252 quanti
985 1172 1098 1228 totam
1124 1157 1268 1255 insuper
1293 1179 1354 1224 na-

368 1288 485 1342 turam
510 1271 701 1339 humanam
727 1266 928 1359 aestimaret,
953 1283 1045 1366 post:
1063 1265 1231 1368 ejusdem,
1261 1265 1360 1338 facta

368 1378 476 1453 Verbi
501 1377 609 1452 divini
625 1378 880 1470 lucamatione,
905 1403 988 1450 cum
1013 1379 1091 1478 ipso
1116 1379 1198 1450 Deo*
1212 1377 1354 1478 propiu-

369 1492 540 1589 quitatem
566 1505 602 1561 et
628 1489 885 1585 cognationem.
906 1489 1033 1561 Paulus
1059 1487 1209 1587 denique
1229 1491 1259 1560 2*
1276 1511 1354 1586 cap.

368 1599 414 1670 ad
439 1597 570 1670 Coloss.
587 1623 660 1669 uon
677 1595 894 1694 Angelorum
911 1598 1189 1694 sanctorumque
1216 1595 1353 1668 cultum

368 1710 541 1808 objurgat,
553 1707 626 1800 sed,
638 1710 734 1804 juxta
751 1709 1044 1808 Chrysostomum
1062 1711 1166 1780 liom.
1186 1705 1355 1808 75impie·

370 1819 451 1892 tatis
475 1818 652 1890 insimulat
669 1819 872 1911 Haereticos,
897 1820 958 1917 qui
984 1818 1185 1909 dictitariut,
1206 1831 1356 1918 accepto

372 1955 392 2000 a
417 1927 604 2001 Platonicis
630 1953 759 2020 errore,
775 1953 847 1999 non
873 1943 1036 2028 oportere
1060 1953 1126 2029 per
1151 1928 1356 2017 Christum,

371 2054 408 2109 at
432 2063 496 2136 per
521 2034 676 2132 Angelos
702 2062 766 2108 ceu
792 2035 1004 2109 mediatores
1021 2035 1237 2108 reconciliari
1255 2033 1356 2106 etad

370 2148 513 2218 Patrem
539 2142 723 2217 accedere:
751 2146 828 2244 quis
862 2147 956 2218 enim
981 2145 1019 2218 id
1045 2146 1225 2220 cordurus,
1245 2142 1357 2216 edixit

371 2257 555 2354 uuquam?

420 2365 542 2460 Neque
567 2365 658 2435 inter
687 2367 807 2437 Patres
832 2365 1052 2458 Athanasius,
1078 2367 1190 2440 Serm.
1208 2365 1229 2437 3
1248 2363 1293 2436 ad
1308 2364 1356 2435 A·

373 2475 501 2564 nanos,
519 2472 665 2570 Angelis
682 2476 878 2573 sanctisque
896 2475 1104 2577 obsequium
1121 2477 1268 2552 invidet:
1284 2502 1354 2549 nec

374 2581 417 2654 de
442 2580 568 2654 morib.
593 2583 762 2656 Ecclesiae
787 2585 1005 2684 Augustinus
1029 2590 1167 2660 incusat
1197 2587 1355 2675 colentes

372 2691 532 2793 sepulcra
558 2708 765 2792 martyrum.
792 2698 826 2768 Is
853 2699 948 2770 enim
973 2726 1123 2798 magnus
1139 2699 1355 2772 Asianorum

370 2808 481 2880 hostis
514 2805 737 2880 latreuticum
772 2836 1021 2910 summumque
1055 2813 1222 2884 creaturis
1249 2814 1355 2885 hono·

371 2945 471 3009 rem,
496 2917 641 3018 perinde
667 2945 707 2992 ac
732 2919 789 2991 alii
814 2921 1008 3015 DoctoreS,
1035 2922 1162 2994 deferri
1188 2922 1355 3023 prohihet

372 3043 478 3125 utque
503 3026 739 3126 reprehendit.
766 3021 867 3101 Alter
884 3045 1001 3114 autem
1020 3055 1179 3102 errorum
1198 3029 1354 3102 domitor

374 3139 486 3239 carpit
511 3139 706 3211 inordinate
733 3167 966 3240 perverseque
984 3141 1148 3235 colentes,
1174 3141 1293 3240 quales
1314 3167 1353 3212 se

376 3249 508 3320 multos
533 3254 671 3324 novisse
696 3266 824 3342 narrat,
846 3253 910 3350 qui
937 3253 1221 3326 luxuriosissime
1248 3275 1356 3349 super

374 3353 532 3431 mortuos
558 3359 690 3434 bibunt.
715 3357 819 3430 Anne
854 3359 1046 3432 hodiedum
1072 3363 1237 3460 patiaris,
1261 3363 1356 3432 inter
1458 3387 1460 3394 ‘

375 3469 583 3540 Sanctorum
609 3467 775 3538 solemnia
801 3468 968 3566 laetasque
994 3472 1180 3542 memorias
1209 3495 1331 3542 eorum
1343 3527 1356 3561 ,

377 3578 544 3650 solemnia
570 3576 626 3648 illa
652 3575 844 3649 multorum
871 3577 957 3650 leste
983 3595 1055 3652 tam
1071 3580 1257 3653 luxuriosoe
1276 3578 1355 3651 leti·

376 3690 445 3779 tiae,
471 3711 588 3785 quam,
612 3689 722 3787 proh!
750 3687 856 3793 dolor
878 3704 913 3760 et
928 3689 1065 3789 pudor!
1093 3689 1354 3763 commessatio-

375 3800 430 3870 nis
454 3797 599 3872 ebriosae
612 3799 627 3870 l
651 3799 773 3870 Nonne
800 3825 881 3872 cum
908 3801 1032 3874 eodem
1058 3828 1122 3876 nos
1153 3800 1353 3898 Augustino
1458 3809 1459 3843 ³

335 3898 339 3906 ’
370 3909 444 4004 jam
470 3935 582 4010 nuper
607 3908 929 3987 commendavimus
960 3939 1074 3988 sacros
1100 3909 1351 3987 memoriarum
