2932 4970
100 623 229 684 sanctus
252 613 517 699 doctissimusque
540 607 736 696 Augustinus
759 609 854 676 initio
878 608 1009 675 secundi
1044 609 1082 675 li·

98 715 152 783 bri
181 725 293 784 contra
323 711 535 782 Academicos.
564 712 636 796 Ipsa
666 711 751 777 enim
783 721 831 776 cst
862 710 927 776 Dei
953 713 1083 798 gratia3

101 838 175 907 qnae
199 819 258 884 tibi
277 817 333 884 dat
348 816 490 883 studium
506 812 752 900 studicrumque
772 811 984 894 dulcedinem,
1000 817 1083 882 sicut

100 931 168 986 tam
191 927 344 1008 magnum
369 917 448 984 illud
473 915 564 984 dedit
591 915 732 982 studium
759 917 794 982 in
822 917 919 982 corde
946 916 1033 998 Titi,
1061 916 1086 982 2

101 1043 123 1086 a
199 1037 243 1087 or.
295 1071 303 1088 .

125 1021 237 1190 dlrfier
259 1019 416 1210 p8rncellas
439 1127 546 1186 autem
570 1126 837 1205 tempestatesque
863 1116 1082 1184 studiosorum

102 1225 281 1320 huminum,
303 1235 352 1291 tot
374 1225 459 1290 inter
482 1229 586 1308 syrtes
610 1231 658 1286 ac·
671 1220 831 1307 scopulos,
847 1220 904 1300 ais,
927 1217 1003 1285 aura
1033 1218 1084 1284 di-

102 1329 186 1395 vinae
210 1329 323 1414 gratie
353 1326 536 1414 poteritne
560 1324 769 1412 tranquillum
801 1321 842 1388 ad
872 1332 1004 1408 portum
1028 1321 1083 1388 atl-

103 1431 248 1499 ducere?
272 1449 419 1518 quaenam
446 1429 568 1516 poterit
595 1449 670 1494 aura
698 1427 786 1494 viros
813 1425 919 1492 saeculi
949 1445 986 1492 ac
1014 1443 1084 1490 om-

106 1551 181 1599 nem
203 1532 367 1619 precipue
388 1530 579 1618 juventam?
601 1530 803 1616 juventutem
827 1548 883 1594 sua
898 1528 968 1614 ejus
992 1538 1085 1594 etate

100 1636 191 1702 vitiis
212 1635 305 1722 juxta
327 1644 361 1700 et
374 1633 539 1700 literarum
554 1632 668 1699 studiis
684 1632 858 1699 acclinem?
875 1633 994 1702 Praesto
1011 1651 1083 1698 sum

103 1735 173 1820 tibi,
196 1737 376 1822 carissime,
392 1735 420 1801 si
450 1733 592 1822 prebeas
619 1752 736 1800 aurem.

272 1887 274 1894 .
325 1893 327 1899 ,
529 1867 532 1874 =
561 1835 611 1902 VI.

147 1931 182 2004 Si
205 1953 315 2003 tereus
338 1935 379 2002 ad
402 1935 518 2004 vilium
540 1953 574 2002 es
586 1985 597 2017 ,
627 1955 685 2002 cur
709 1933 931 2001 monitoribus
964 1939 1087 2018 aspar?

98 2034 128 2100 si
160 2053 286 2116 cecus,
316 2053 374 2102 cur
405 2033 556 2102 ducatum
586 2034 728 2122 abjicis?
754 2036 960 2102 committite
990 2057 1088 2114 cave,

97 2140 191 2225 quod
212 2131 292 2204 mee
315 2153 450 2204 mutare
473 2141 619 2206 labores.-
643 2138 699 2206 sed
723 2139 780 2226 qui
811 2139 923 2218 facile,
954 2138 1086 2224 inquis,

98 2239 246 2314 inflectar
269 2241 310 2308 ad
332 2243 421 2322 vitia,
445 2241 531 2308 idem
554 2263 572 2307 a
596 2243 812 2310 monitoribus
835 2241 1007 2322 delector,
1031 2238 1086 2306 ab·

96 2352 247 2410 sterreor.
277 2344 317 2412 At
346 2345 489 2412 sublimis
516 2345 715 2433 cupidusque
747 2367 821 2412 cum
848 2345 915 2425 sis,
944 2355 977 2411 et
1003 2341 1087 2410 flecti

96 2447 132 2512 in
148 2447 363 2526 bona-studia
386 2467 513 2531 cereus;
535 2449 604 2514 haec
626 2449 699 2514 ideo
730 2450 841 2537 adripe
865 2449 1012 2537 cupidus,
1043 2447 1086 2514 ad

97 2545 247 2618 sublimia
276 2567 361 2616 verae
388 2547 500 2636 gloriae
526 2549 642 2636 templa
670 2551 865 2619 contendens
877 2579 888 2630 3
918 2560 951 2616 et
981 2550 1085 2614 virtu·

97 2661 187 2732 tem,
213 2670 299 2720 verae
326 2654 565 2741 tranquillitatis
589 2649 702 2720 sedem
719 2657 847 2721 unicam
871 2673 907 2719 ac
934 2663 1087 2739 portum,

98 2763 222 2840 appete.
566 2777 569 2782 ·
670 2811 674 2818 .
713 2811 716 2820 ,
840 2811 843 2815 .

147 2855 247 2921 Aliter
268 2853 370 2920 multa
392 2865 424 2922 te
448 2875 555 2922 senem
579 2859 833 2924 circumveniant
857 2856 1061 2924 incommoda
1073 2883 1084 2936 3

104 2959 211 3046 qualia
233 2975 361 3044 nempe,
382 2957 470 3024 ferax
493 2961 657 3040 vitiorum,
682 2972 757 3028 aetas
779 2962 933 3049 iuvenilis
949 2981 1016 3026 non
1040 2961 1084 3026 si-

101 3081 145 3128 ne
168 3063 326 3148 pregravi
350 3061 555 3129 incommodo
579 3061 789 3152 conceperat,
813 3065 976 3151 virilisque
1000 3065 1083 3130 beul

102 3162 212 3229 statim
235 3171 313 3227 etas
337 3163 545 3230 cumdolore
569 3168 739 3250 parturiit3
763 3167 869 3255 qualia
894 3177 969 3232 etas
995 3183 1082 3230 ema·

99 3287 136 3333 re
152 3266 331 3352 lacrymans
347 3267 454 3334 senilis
470 3270 618 3357 excipiet,
630 3282 663 3337 et
678 3273 839 3362 inexpiata
856 3261 983 3338 demum
996 3271 1085 3337 dam·

98 3367 150 3436 uis
173 3368 319 3453 gehenna
342 3368 520 3436 cumulabit
542 3372 682 3438 uternis.

500 3541 501 3544 ,
559 3473 647 3542 vu„

148 3567 365 3651 Quamobrem
388 3575 463 3642 vitae
487 3577 641 3662 procellas
672 3584 940 3665 tempestatesque
971 3584 1085 3663 praete·

25 3728 28 3739 ,
98 3676 179 3744 xis?
202 3695 261 3744 cur
283 3676 436 3744 seculum
460 3678 642 3762 insimulas,
665 3699 724 3745 nec
747 3682 781 3744 in
806 3699 845 3744 eo
862 3695 1019 3744 secessum
1043 3673 1084 3739 ad

98 3780 211 3852 studia.
227 3780 381 3847 invenis?
413 3781 540 3848 Utinam
570 3782 610 3848 de
641 3783 859 3850 mendicaret
889 3775 1083 3846 Sardiniensi

99 3882 314 3968 terra,·quod
338 3881 377 3948 de
402 3882 592 3963 Germania,
616 3881 767 3949 Tacitus!
792 3905 889 3948 nemo
912 3883 981 3948 attic
1004 3877 1084 3943 uitio

100 3985 199 4061 milet
222 4006 282 4052 racc
306 3996 569 4071 corrumperem
594 3986 769 4071 corrumpi
779 4034 789 4066 ‚
809 3983 974 4052 seculum
991 3998 1082 4044 aare
