2942 4962
362 459 434 535 216
702 479 764 526 mr.
789 481 824 530 ιν
849 479 1010 526 mranmx

352 569 543 670 ‚aliqualem
560 565 818 659 adorationem,
835 582 963 666 praeter
980 581 1192 659 contactum,
1202 567 1244 639 id
1265 553 1348 641 exii

355 685 460 782 gitur,
484 697 526 754 ut
540 695 700 755 contacta
718 704 774 750 res
791 678 943 776 aliquam
968 679 1146 752 moraliter
1163 679 1335 754 excelleo*

357 793 441 866 tiam
465 791 672 894 participare
698 803 891 873 censeatur,
916 803 1024 883 utque
1051 786 1165 859 eidem
1190 785 1336 860 adoran·¹

357 901 412 977 dte
436 902 487 974 nil
511 901 649 974 obstet:
675 897 775 972 Judae
802 895 1008 988 ustulabis,
1034 911 1138 994 atque
1163 921 1336 995 ex=aeqno

357 1015 447 1088 servi
476 1013 534 1085 illa
559 1035 705 1099 manus,
731 1035 810 1108 quae
837 1008 1015 1080 Christum
1041 1009 1238 1107 percussit,
1263 1035 1335 1080 ma·

358 1149 493 1220 nusque
520 1121 766 1194 crucifixorum
794 1119 925 1190 Christi
950 1119 1067 1218 potius
1083 1119 1241 1218 ipsorum
1262 1143 1334 1192 ma·

357 1228 467 1302 litiam
495 1230 759 1328 participarunt,
784 1242 1052 1327 spectanturque
1077 1226 1195 1326 potius
1220 1242 1259 1297 ut
1284 1228 1335 1298 in·

359 1354 550 1412 strumenta
577 1339 733 1431 malitiae,
759 1337 849 1410 idest
875 1339 1005 1410 Christi
1031 1340 1210 1436 passionis,
1229 1353 1336 1437 prout

357 1463 410 1520 est
435 1449 525 1520 actio
551 1450 588 1520 in
614 1449 682 1520 illis
708 1448 877 1520 scelerosa
903 1473 943 1520 ac
972 1447 1196 1546 imputabilis.
1224 1449 1336 1520 Bruto

356 1575 474 1630 autem
486 1559 653 1630 animanti
670 1557 911 1630 adorationem
928 1557 1033 1628 tribui
1051 1573 1233 1656 repugnat
1250 1583 1336 1655 praes

355 1669 612 1767 terquamquod
639 1671 751 1759 Jesus,
768 1695 841 1742 non
866 1671 960 1741 asino
978 1668 1193 1761 immediate,
1210 1668 1272 1739 sed
1288 1670 1335 1739 in·

358 1778 518 1876 stragulis
544 1781 576 1849 ai
601 1780 826 1879 superpositis
851 1778 1027 1852 insederit.

408 1889 436 1983 ᾗ.
464 1889 497 1958 9.
524 1887 654 1960 Saltem
680 1889 799 1987 igitur,
825 1891 885 1982 ais,
907 1889 984 1960 aliae
1011 1913 1132 1960 cruces
1157 1913 1229 1960 non
1256 1904 1337 1960 sunt

357 1995 426 2068 ullo
454 1996 549 2068 cultu
568 1995 735 2086 colendam
755 1996 1052 2094 quemadmodum
1071 2021 1221 2084 coronae,
1239 1995 1337 2088 clavi,

356 2106 498 2199 lanceae,
523 2107 692 2208 sepulcra,
718 2108 762 2179 ab
780 2109 854 2181 aliis
872 2110 1001 2181 Christi
1018 2109 1169 2207 propriis
1190 2107 1336 2201 diversa,

355 2241 427 2288 noo
455 2218 627 2290 coluntur.
653 2218 821 2314 Alioquin
847 2221 974 2318 potiori
995 2222 1074 2316 jure
1099 2219 1207 2316 Virgo
1225 2219 1337 2290 Mater

333 2323 454 2394 cultu
480 2326 587 2396 etiam
612 2327 795 2398 latreutico
822 2327 911 2400 soret
929 2327 1122 2400 adoranda.
1148 2328 1197 2398 At
1213 2352 1336 2427 perpa-

356 2453 431 2500 ram
455 2429 583 2503 inferes
609 2449 807 2530 utrumque.
832 2439 915 2508 Post
941 2437 1097 2509 edictum
1127 2436 1222 2507 enim
1248 2437 1335 2507 Con·

356 2539 499 2610 stantini
524 2541 772 2640 Imperatoris',
798 2546 857 2641 qni
883 2563 1001 2618 sontes
1027 2547 1122 2619 cruci
1157 2545 1337 2646 prohibuit

355 2647 467 2748 astigi,
492 2649 543 2721 nil
568 2651 662 2751 apud
695 2679 760 2726 nos
786 2654 982 2752 significant
1007 2682 1108 2730 novae
1136 2653 1334 2728 fabrefactae

355 2782 486 2851 cruces,
503 2761 569 2832 nisi
587 2787 704 2834 veram
722 2765 1006 2862 primitivamque
1019 2790 1166 2836 crucem
1184 2779 1220 2834 et
1238 2763 1337 2836 Chri·

355 2885 449 2942 stum
475 2873 511 2944 in
537 2898 640 2946 cruce
659 2873 868 2946 distentum:
887 2875 973 2948 dum
990 2894 1150 2955 econtra
1176 2902 1238 2948 res·
1258 2875 1336 2954 aliae

354 2975 568 3078 diversaeque
602 3009 621 3054 a
656 2984 823 3082 passionis
859 2986 990 3060 Christi
1015 2985 1244 3058 monimentis
1269 3005 1336 3056 nec

356 3090 537 3164 Christum
562 3119 628 3165 neo
652 3095 727 3194 ipsa
753 3097 971 3168 monimenta
988 3111 1252 3197 repraesentant
1271 3094 1338 3165 nisi

354 3199 508 3296 propriae
535 3202 604 3273 sint
629 3203 808 3300 imagines,
826 3231 917 3302 qnae,
943 3221 983 3276 ut
999 3207 1069 3276 sint
1087 3203 1184 3296 tales,
1201 3201 1245 3274 ad
1262 3228 1336 3274 cer·

355 3321 434 3388 tum
460 3312 729 3407 exprimendum
756 3315 944 3413 objectum,
969 3314 1014 3386 ad
1040 3314 1171 3386 Christi
1189 3312 1332 3385 Domini

353 3418 389 3490 in
406 3443 490 3494 casu
507 3438 627 3498 nostro
646 3425 827 3498 reserenda
853 3427 1018 3524 mysteria
1043 3427 1129 3496 fiant
1146 3439 1182 3495 et
1198 3425 1332 3520 erigan-

352 3545 598 3632 tnt-oportet:
626 3536 775 3634 quodsi
802 3535 939 3607 aliunde
973 3535 1146 3608 cudentur
1171 3536 1209 3606 in
1237 3535 1347 3606 hunc⁴

352 3640 483 3733 finem,¹
496 3668 560 3716 suo
585 3645 718 3720 honore
744 3661 780 3718 et
797 3643 894 3718 cultu
911 3670 983 3717 non
1001 3660 1131 3718 carent.
1148 3645 1258 3744 Virgo
1276 3671 1335 3715 au·

350 3765 424 3827 tem
450 3753 648 3832 beatissima
662 3785 777 3832 suum
803 3758 987 3859 proprium
1017 3774 1120 3856 atque
1156 3756 1333 3832 diversum

351 3860 464 3946 hahet
483 3863 639 3941 cultum:
667 3868 727 3968 qui
754 3893 820 3944 nec
845 3867 1009 3946 relativus
1034 3895 1107 3944 esse
1127 3883 1254 3972 potest,
1271 3865 1340 3941 sed·
