2908 4962
389 455 462 538 tro
640 485 703 535 an.
727 485 763 538 tu
788 484 962 539 suenonis
984 487 1023 534 ur
1049 487 1078 542 o.
1104 487 1116 534 ι

384 583 589 676 paruerunt,
613 568 659 644 ad
683 586 821 644 eertum
856 569 1034 669 quoddam
1052 597 1162 670 genus
1179 571 1371 665 notionum,

384 677 519 756 larvam
544 705 582 752 se
607 680 765 779 corporis
794 677 963 774 induisse,
996 694 1251 773 monstrarunt,
1283 695 1371 752 atte-

384 803 526 880 stantes,
551 813 589 860 se
610 789 665 860 nti
689 787 768 860 cibo
795 786 962 862 invisibili
977 803 1013 862 et
1030 803 1136 888 pom,
1152 804 1193 860 ut
1215 787 1370 888 Raphael

384 898 474 988 dixit
499 897 639 972 Tobiae:
665 898 731 972 Dei
756 898 864 971 Filius
887 913 1007 972 autem
1020 901 1115 999 (qui,
1137 925 1221 974 cum
1237 900 1370 1000 potuis·

384 1027 439 1088 set
463 1012 530 1084 etsi
553 1012 592 1084 in
617 1035 724 1086 carne
746 1036 818 1084 non
843 1025 946 1085 notus
971 1013 1127 1096 humano
1158 1011 1280 1110 generi
1310 1037 1370 1110 ap·

387 1149 523 1226 parere,
541 1122 653 1198 voluit
669 1138 789 1196 tamen
802 1119 1011 1196 circumdari
1028 1129 1133 1198 carne
1149 1122 1317 1220 mortali)
1334 1122 1370 1192 in

386 1235 455 1310 hac
480 1231 627 1332 quidem
644 1232 784 1306 mortali
801 1257 906 1306 carne
923 1223 1250 1308 uere'manducavit
1267 1246 1305 1304 et
1321 1229 1371 1302 bi·

382 1339 448 1436 bit,
472 1368 514 1418 ac
538 1344 680 1442 triginta
698 1342 848 1446 amplius
864 1345 963 1418 annis
979 1346 1090 1418 vitam
1106 1343 1196 1419 vixit
1211 1342 1287 1418 veri
1308 1343 1370 1416 ho·

382 1443 487 1532 minis
512 1477 631 1530 veram
656 1471 761 1555 atque
785 1455 983 1530 mortalem.

420 1568 571 1642 ,Instant
594 1567 736 1640 iterum.
750 1554 844 1642 Cum
869 1566 996 1642 dicitur
1012 1566 1058 1642 ad
1073 1569 1176 1642 Rom.
1201 1568 1251 1659 8,
1273 1565 1370 1639 misit

382 1678 523 1756 Filium
546 1703 654 1752 suurn
680 1681 719 1752 in
752 1679 1023 1754 similitudinem
1056 1681 1177 1754 carnis
1210 1677 1369 1775 peccati

376 1790 542 1864 innuitur
566 1787 758 1864 similitudo
784 1787 973 1891 apparens,'
992 1790 1073 1888 quia
1105 1787 1266 1862 Christus
1296 1811 1368 1858 can

379 1928 465 1976 nem
489 1928 562 1977 non
587 1900 703 1974 induit
727 1901 982 2004 peccatricem:
1009 1926 1095 2000 ergo
1118 1915 1156 1972 et
1180 1899 1218 1970 in
1249 1897 1368 1998 proxi-

380 2035 441 2084 me
466 2012 579 2084 citatis
605 2010 750 2109 aliisque
775 2009 861 2083 locis
884 2009 982 2084 idern
1006 2007 1191 2082 indicatur.
1219 2005 1368 2080 Etenim
1446 2079 1447 2100 χ

383 2123 424 2194 2⁰
449 2123 568 2196 fictam
599 2137 636 2194 et
660 2123 776 2222 specie
810 2137 913 2194 tenus
947 2119 1100 2194 similem
1124 2118 1182 2192 ille
1199 2107 1368 2191 *carnem

378 2226 514 2321 habuit,
539 2231 601 2327 qui
626 2229 759 2329 prodiit
788 2255 861 2302 non
886 2229 997 2303 fracto
1023 2227 1176 2308 claustro
1192 2224 1369 2325 virginali,

379 2336 424 2416 ad
442 2338 638 2438 'Apostolos
653 2339 789 2414 »clausis
809 2341 924 2440 januis
950 2341 1131 2432 introivit,
1156 2337 1202 2425 ab
1237 2347 1365 2411 eorum

379 2463 524 2548 aspectu
549 2451 699 2542 evanuit,
724 2476 830 2550 super
855 2450 965 2527 undas
981 2450 1183 2524 ambulavit.
1199 2421 1245 2545 ll.
1263 2446 1323 2520 Ad
1343 2447 1369 2517 l⁴

379 2586 415 2632 n.
441 2563 727 2659 consequentiam
752 2577 789 2634 et
812 2563 1008 2662 paritatem.
1034 2561 1204 2634 Immanis
1229 2557 1369 2634 est‘dis·

377 2669 519 2770 paritas3
546 2695 625 2768 quae
652 2697 695 2742 ex
713 2672 789 2772 ipsa
806 2672 841 2743 S.
859 2671 1039 2772 Scriptura
1056 2668 1263 2759 desumitur,
1281 2691 1366 2739 cum

379 2779 533 2854 declarat
557 2781 747 2876 evidenter,
772 2783 855 2856 hinc
881 2783 1064 2855 Christum
1094 2806 1170 2852 esse
1201 2793 1367 2852 sanctum
1445 2859 1446 2876 ἦ

378 2888 551 2964 nulliusve
576 2893 712 2991 peceati
739 2909 879 2966 sontem
905 2890 1059 2989 nullique
1085 2904 1233 2988 peccato
1256 2884 1367 2964 ¹obno·
1445 2879 1446 2952 i

379 2998 489 3090 xium,
513 3000 596 3073 hinc
621 3026 705 3073 vcro
731 3029 771 3073 ea
797 3015 994 3100 expertum,
1011 3022 1089 3096 quae
1107 2993 1267 3068 mortalis
1287 2993 1368 3074 soli-
1445 3031 1446 3110 ι

379 3105 526 3180 ditatem
543 3112 666 3203 carnis,
678 3139 750 3185 non
768 3110 993 3184 umbratilem
1006 3107 1274 3182 similitudinem
1285 3132 1367 3208 pro·
1445 3111 1446 3122 ²

382 3214 477 3288 bant.
494 3217 551 3289 Ad
570 3246 603 3290 α.
620 3219 823 3293 Labefactat
839 3219 1241 3318 argumentumDoctor
1258 3215 1369 3314 Aqui·

379 3349 442 3398 nas
466 3326 520 3396 his
545 3327 682 3399 verbis:
709 3331 759 3400 ita
786 3327 946 3402 Christus
966 3325 1075 3400 voluit
1101 3328 1284 3400 veritatem
1310 3326 1370 3397 sui

380 3438 537 3530 corporis
562 3429 817 3526 demonstrare,
842 3455 883 3511 nt
898 3442 1007 3512 etiam
1023 3439 1100 3537 ejm
1122 3437 1289 3510 divinitas
1311 3435 1367 3508 de·

379 3541 586 3636 duraretur,
610 3563 645 3620 et
670 3545 746 3620 ideo
764 3551 977 3646 permiscuit
1004 3551 1098 3620 mira
1132 3544 1368 3632 humilibus;
1444 3537 1445 3566 ¹

377 3649 473 3722 unde
498 3667 538 3723 ut
554 3677 682 3752 corpus
707 3657 784 3752 ejus
811 3680 934 3728 verum
959 3655 1211 3740 ostenderetur,
1246 3653 1366 3726 nasci-¹

380 3774 439 3829 mr
464 3785 515 3833 cx
527 3761 689 3859 femina,
714 3749 776 3838 se'd
799 3781 840 3838 nt
864 3765 1106 3840 ostenderetur
1128 3765 1206 3862 ejus
1237 3760 1367 3847 deins,
