2908 4962
195 534 238 579 nn
256 530 354 577 unica
371 525 463 577 rens.
479 531 523 577 nr
539 529 634 577 nunt.
650 530 725 578 nar.
743 529 876 578 cnnrsrr
980 508 1030 579 99·

35 623 113 692 rius
130 641 133 648 ·
149 614 364 716 abnegabat,
389 615 433 687 de
468 643 505 688 se
538 631 664 687 mutuo
698 614 961 717 predicantur,
986 646 1026 692 ac

37 725 344 829 quemadmodum
369 728 465 799 Deus
491 727 618 799 dicitur
639 751 779 822 possus,
800 731 961 802 mortalis
986 757 1027 804 ec

35 850 217 927 mortuus,
241 842 291 911 ita
317 841 477 912 Christus
502 841 611 911 bomo
629 839 768 938 proprie
788 865 887 914 verus
913 844 1026 934 Dens,

41 950 203 1035 Creator,
221 964 373 1021 celemus
392 947 609 1048 appellatur:
627 948 723 1044 atqui
740 948 835 1020 istud
863 951 936 1022 fieri
953 978 1026 1027 non

37 1075 171 1159 posset,
196 1058 361 1156 salsaeque
387 1059 620 1130 redderentur
640 1083 763 1142 omnes
790 1059 919 1133 similes
937 1062 1026 1137 Scri·

36 1187 225 1271 pturarnm
242 1169 287 1240 de
306 1171 447 1242 Christo
464 1169 670 1261 locutiones
683 1171 751 1241 nisi
767 1171 926 1246 Verbum
941 1201 1027 1252 eon-

29 1282 216 1381 junctione
242 1282 461 1381 hypostatica
486 1297 647 1352 naturam
671 1283 823 1355 bominis
848 1284 893 1372 in
919 1289 1025 1361 unita·

36 1409 114 1462 tem
140 1392 366 1491 assumpserit
392 1419 463 1463 sure
487 1391 615 1462 divinae
632 1418 811 1490 personae:
839 1403 922 1494 ergo
940 1401 1023 1473 unio

34 1500 146 1571 Verbi
170 1503 346 1572 incarnati
372 1501 461 1572 fucta
479 1515 634 1573 estete..
654 1503 691 1571 2⁰
708 1500 858 1574 admissa
884 1508 1021 1603 positio

34 1637 86 1681 ne
110 1611 259 1684 Nestorii
285 1627 359 1681 tota
385 1613 517 1683 corruit
542 1611 725 1683 christiana
759 1613 919 1710 Religio,
944 1633 1022 1692 tum

35 1723 121 1818 quia
159 1723 195 1792 in
233 1719 402 1792 idolatriae
430 1720 614 1820 culpam,
649 1723 744 1818 quasi
782 1723 1023 1802 Hominicolce

35 1844 265 1915 evaporantem,
291 1831 406 1926 inquit
424 1829 587 1928 Cyrillus‚
608 1846 723 1900 essent
745 1831 905 1923 vocandi,
922 1854 1024 1932 quot·

35 1959 128 2040 quot
154 1946 333 2016 Christum
348 1957 529 2038 *tanquam
553 1940 670 2012 Deum
687 1939 921 2015 adoraverunt
946 1945 1023 2019 ado·

34 2068 186 2150 rantque
199 2053 318 2144 modo,
331 2067 452 2151 utpote
466 2077 574 2148 quern
586 2075 667 2122 vere
687 2075 760 2121 esse
774 2051 889 2124 Deum
902 2056 1023 2132 Nesto·

34 2163 110 2232 rius
135 2162 317 2253 inficiatum
344 2175 420 2230 tum
447 2160 528 2256 quia
550 2159 810 2232 subverteretur
826 2160 909 2233 Jesu
928 2165 1023 2238 Chri·

36 2271 85 2341 sti
110 2270 320 2362 satisfactio,
346 2295 453 2368 quam
479 2283 520 2337 ut
533 2267 814 2366 ¹Theantbropos
838 2270 914 2368 ipse
939 2297 1024 2371 prae

35 2379 149 2471 stitit,
175 2378 401 2476 funditusque
428 2377 532 2448 simul
556 2378 693 2474 generis
718 2379 863 2450 humani
889 2381 1021 2454 redem-

35 2491 126 2589 ptio.
141 2493 219 2562 'Vix
245 2492 339 2562 enim
374 2515 455 2562 curn
486 2483 647 2562 Nestorio
681 2492 838 2589 posueris
873 2491 1022 2568 duas-in
1076 2551 1081 2566 .

37 2601 180 2674 Christo
205 2627 381 2701 personas,
402 2602 476 2699 jam
502 2600 610 2692 vides,
636 2626 702 2672 nec
727 2628 746 2671 a
772 2600 887 2676 divina
913 2606 1022 2680 Verbi

36 2735 104 2809 pro
130 2712 229 2784 nobis
257 2711 413 2782 satisfieri
439 2726 476 2782 et
500 2709 629 2780 redimi
653 2735 718 2781 nos
742 2735 857 2808 posse,
878 2737 959 2784 cum
984 2717 1022 2786 in

36 2836 160 2919 suapte
186 2837 308 2892 natura
335 2817 542 2910 satisfacere,
567 2819 641 2917 pati
667 2833 703 2888 et
728 2818 1020 2916 mori-nequeat3

35 2955 103 3002 nec
128 2951 229 3030 posse
255 2931 292 3001 id
318 2931 392 3002 fieri
409 2929 453 3002 ab
478 2933 641 3018 humana,
659 2954 741 3000 curn
758 2929 834 3000 haec
852 2931 946 3002 finita
965 2934 1021 3025 sit,

35 3056 73 3110 et
98 3041 221 3112 infiniti
247 3041 375 3114 valoris
392 3041 549 3140 pretium
566 3038 689 3110 offerre
705 3063 777 3108 non
795 3036 919 3109 valeat:
946 3065 1022 3138 por·

35 3173 77 3219 ro
103 3149 180 3222 haee
205 3152 417 3223 consectaria
443 3147 530 3221 fides
556 3163 592 3218 et
625 3146 713 3217 ratio
739 3144 945 3218 abhorrent:
972 3174 1021 3220 er·

35 3282 83 3352 go
109 3283 176 3329 una
201 3261 307 3330 estin
326 3260 466 3330 Christo
491 3281 650 3356 persona,
667 3280 758 3325 unus
775 3270 829 3325 est
849 3255 1021 3346 Christus

37 3368 102 3462 qni
128 3383 167 3436 ut
193 3393 296 3440 verus
322 3369 442 3458 homo,
467 3370 516 3438 ita
541 3391 643 3440 verus
668 3365 762 3436 Deus
789 3381 851 3436 est.
868 3367 964 3465 Ergo
981 3368 1021 3438 Β.

33 3477 77 3547 V.
105 3494 158 3548 est
183 3479 247 3549 Dei
275 3481 398 3568 Mater,
424 3503 503 3576 quae
529 3476 659 3550 seilicet
684 3476 805 3573 genuit
829 3479 1020 3548 humanam

33 3589 166 3660 Christi
183 3608 343 3661 naturam
360 3591 476 3664 divina
493 3588 740 3688 personalitate
757 3585 1020 3660 subsistentem:

33 3697 147 3794 qualis
173 3697 252 3771 ideo
278 3701 431 3769 bumana
456 3714 580 3769 natura
596 3722 668 3769 uon
686 3698 805 3768 extitit
827 3695 941 3794 aliqua
956 3696 1021 3768 du-

32 3807 170 3878 ratione
195 3808 364 3906 temporis
381 3822 461 3878 ante
479 3807 607 3878 suimet
631 3806 800 3878 unionem
826 3831 908 3882 cum
935 3807 1021 3909 Ver·
1048 3857 1052 3865 .

33 3917 81 3990 bo
103 3919 180 4010 Dei,
198 3937 237 3992 ut
253 3921 433 3993 Nestorius
450 3933 487 3990 et
502 3919 681 4018 Eutyches
699 3917 931 4018 somniabant.
949 3915 1019 3987 Sed
