2942 4962
209 522 253 570 nn
270 520 378 569 conru
395 503 526 566 ensis-n
543 517 587 565 er
605 515 674 580 ss,
691 517 800 576 aecio.
817 517 860 564 er
877 517 926 566 nr.
987 489 1058 566 2²3

80 605 200 680 hibere
223 629 395 706 perquam
420 603 553 674 licitum
590 616 652 672 est
678 602 729 672 Ita
758 600 926 674 catholica
953 601 1061 676 fides:

83 739 198 814 neque
224 712 354 784 diutim
379 713 416 782 in
442 713 511 783 hoc
542 712 659 781 baereo
685 708 862 807 dogmate.
886 708 939 781 De
966 710 1068 782 curi:

84 838 161 915 sto,
187 821 247 920 qui
273 818 387 892 divina
412 821 549 919 potitur
579 817 802 916 sensibilique
827 820 980 890 humana
1005 806 1070 892 na?

86 949 173 1026 tura,
200 931 286 1030 quid
311 929 431 1002 dubii?
457 929 596 1023 Recole,
622 955 703 1027 quae
718 929 765 1000 de
783 932 856 1030 ejus
872 919 1071 1002 simulacris*

82 1043 296 1148 praecedenti
321 1041 413 1115 libro
434 1044 507 1142 jam
534 1041 695 1114 diximus.
712 1039 826 1133 Adde,
845 1042 963 1113 testari
980 1041 1066 1114 Ter-

84 1154 269 1226 tullianum
293 1152 351 1226 lib.
377 1152 421 1225 de
441 1155 630 1251 pudicitia,
659 1155 696 1226 in
722 1153 827 1226 sacris
848 1155 969 1226 Jesum
987 1153 1073 1227 cali-1

84 1265 181 1338 cibus
206 1263 318 1365 sculpi
343 1262 407 1336 sub
424 1263 537 1337 forma
553 1265 712 1362 pastoris,
737 1264 921 1336 inventam
938 1262 1066 1366 succol-

4 1403 5 1460 ῑ
86 1377 189 1448 lautis
215 1401 329 1467 ovem3
352 1379 450 1476 cujus
467 1374 581 1446 simile
598 1401 693 1448 nunc
709 1376 969 1447 monimentum
985 1375 1069 1446 Nea·

85 1484 157 1585 poli
174 1485 211 1554 in
228 1481 442 1556 catacumbis
459 1483 629 1556 invisitur.
647 1482 818 1580 addeque,
834 1483 955 1556 testari
971 1481 1070 1555 Trul-

87 1592 220 1665 lensem
246 1591 442 1692 synodum,
467 1590 533 1665 sub
550 1595 647 1664 mitis
663 1594 786 1665 Jesum
803 1593 1069 1691 innocentisque

4 1765 5 1770 ,
88 1705 180 1803 Agni
207 1705 323 1804 specie
350 1703 456 1776 luisse
484 1703 677 1804 depictum.
972 1797 976 1805 .

97 1865 100 1870 -
134 1813 191 1887 Nil
212 1811 310 1883 dubii
328 1813 470 1913 insuper
487 1813 578 1885 circa
596 1813 805 1885 Sanctorum
823 1811 964 1909 effigies3
982 1819 1073 1917 quas

88 1927 178 1996 inter
203 1949 361 1998 memora
386 1926 473 1996 item
489 1925 564 1996 illas
581 1926 799 1997 intemeratae
824 1924 968 2020 Reginae
986 1923 1070 1994 sana

92 2052 242 2127 storum,
269 2061 354 2133 quas
379 2063 399 2106 a
424 2036 464 2107 B.
489 2038 584 2109 Luca
610 2037 723 2135 pictas
749 2034 817 2107 lert
844 2035 985 2133 antiqua
1002 2049 1073 2136 traf

89 2147 175 2220 ditio
193 2147 373 2220 fidelium:
398 2173 558 2220 memora
576 2163 631 2220 tot
648 2147 778 2245 effigies
795 2145 889 2247 apud
906 2147 1068 2220 Archaeo-

88 2258 212 2357 logos,
237 2259 435 2352 Casubum,
461 2260 723 2360 Ciampinium‚
748 2257 956 2330 Fabrettum
985 2283 1069 2331 cum

91 2371 307 2462 blanchinio,
332 2373 560 2469 Murangom,
585 2372 792 2462 Mamachio,
818 2385 872 2443 tot
897 2369 954 2442 illa
978 2369 1074 2473 apud

91 2505 153 2552 eos
179 2478 338 2578 symbola
363 2481 400 2549 in
425 2478 610 2579 lapidibus,
636 2480 798 2578 gemmis,
824 2477 947 2574 anulis,
962 2478 1073 2551 lucer-

91 2592 156 2681 nis,
182 2591 404 2690 sarcophagis
422 2591 745 2688 antiquissimorum
762 2591 1072 2690 piissimorumque

91 2700 274 2774 Fidelium.
300 2701 424 2801 Adjice
451 2704 567 2793 etiam,
592 2715 673 2800 post
699 2699 883 2800 Synodum
907 2699 984 2792 VlI,
1009 2725 1071 2772 seu

94 2810 271 2884 Nicaenam
306 2809 371 2881 sub
407 2809 582 2882 Hadriano
618 2806 837 2899 secundam,
871 2805 1069 2880 Tridentini

96 2920 244 2994 Consilii
270 2921 306 2990 in
333 2946 396 2993 suo
422 2947 504 2993 sess.
523 2921 568 2994 25
587 2920 729 2992 decreto
755 2918 1006 3016 delmitionem,
1022 2937 1074 2994 to·

94 3033 231 3129 tiusque
256 3031 425 3103 Ecclesiae
450 3032 488 3101 in
521 3029 691 3104 habendis
721 3030 995 3130 venerandisque
1025 3058 1073 3104 sa·

7 3215 8 3230 ἢ
94 3141 162 3211 cris
188 3137 353 3210 omnibus
377 3137 586 3235 imaginibus
620 3153 840 3210 constantem
876 3137 973 3213 nullo
1001 3165 1075 3214 non

7 3283 8 3290 ¹
95 3274 172 3324 aevo
197 3247 498 3321 consuetudinem
523 3249 609 3320 Haec
625 3273 732 3350 porro
750 3273 849 3318 suam
866 3274 1005 3350 semper
1019 3251 1078 3322 ha·

95 3359 172 3431 buit
196 3359 397 3451 utilitatem,
422 3387 465 3431 ex
490 3361 558 3432 Vll
583 3357 736 3460 Synodo;
764 3387 874 3459 quum
899 3387 971 3435 non
996 3355 1077 3438 idio·

98 3472 144 3542 tis
170 3469 296 3562 solum,
321 3471 383 3542 sed
402 3471 564 3569 gravibus
581 3473 687 3544 etiam
704 3473 787 3546 viris
804 3498 979 3546 sacrarum
995 3475 1079 3548 ima·

98 3584 220 3680 ff’num
237 3583 407 3682 profuerit
423 3600 594 3684 aspectus.
611 3583 830 3656 Transmitto
847 3587 992 3658 Mariam
1021 3587 1078 3658 AE·

101 3692 314 3790 gyptiacam,
332 3717 411 3790 quae
437 3718 481 3762 ex
506 3692 666 3789 imaginis
690 3692 729 3761 B.
756 3691 876 3764 Mariae
895 3696 1053 3767 contuitu
1066 3749 1078 3784 ,

100 3805 153 3874 uti
179 3820 260 3902 post
284 3803 370 3876 alios
394 3805 509 3902 inquit
532 3803 704 3894 Petamus,
722 3800 960 3878 admirabilem
978 3803 1077 3877 illum

100 3937 143 3983 ac
168 3927 243 3986 toto
259 3911 346 3985 orbe
371 3912 636 4016 praedicandum
662 3911 777 3984 hausit
799 3914 1018 4012 poeuitentiae
1035 3939 1077 3986 ac
