2942 4962
404 491 477 566 188
629 525 632 532 ’
665 513 727 560 nu.
751 514 787 562 iv
811 511 978 560 suenonis
998 514 1026 561 ⁴v
1050 514 1080 562 c.
1105 515 1117 560 r
1210 531 1225 540 ··

403 603 524 704 partis,
547 623 612 672 nec
636 597 716 672 ideo
741 597 1008 699 dependentiam
1023 623 1054 669 'a
1078 597 1256 698 partibus:
1285 601 1374 672 hinc

402 714 583 802 Christus,
607 711 668 808 qui
692 725 746 782 est
778 708 941 782 fundator
966 709 1102 806 gregis,
1126 736 1199 782 uon
1237 725 1310 782 est·¹
1323 710 1373 782 de

401 844 517 920 grege3
543 835 583 892 ut
607 823 652 893 sit
676 821 714 890 in
738 816 904 891 omnibus
929 821 1000 914 ipse
1017 821 1217 916 prioratum
1234 834 1374 893 teneus.

449 929 582 1000 Verum
606 927 760 1025 inquies:
786 927 824 996 in
851 927 865 997 i
896 926 943 998 ad
968 928 1049 1000 Cor.
1068 929 1114 1000 tn
1132 929 1269 1029 scripsit
1283 929 1377 1002 Pau·

399 1039 475 1114 lus:
502 1066 560 1113 vos
576 1041 655 1114 estis
671 1062 798 1135 corpus
818 1037 961 1126 Christi,
976 1054 1010 1112 et
1025 1039 1185 1113 membra
1202 1041 1244 1113 de
1260 1065 1375 1112 mem-

284 1159 285 1162 ’
398 1153 472 1228 bru.
506 1149 827 1254 Respondendum,
851 1176 916 1252 per
941 1165 968 1217 το·
989 1153 1031 1226 dc
1064 1151 1221 1226 membro
1256 1177 1375 1250 graece

399 1279 426 1329 n
443 1277 547 1344 perae,
572 1285 623 1335 ex
649 1259 822 1349 membru,
847 1261 925 1354 vel,
951 1280 991 1335 ut
1016 1288 1149 1363 graecus
1173 1261 1279 1334 habet
1307 1263 1373 1335 ho-

397 1375 559 1467 diernus,
586 1388 612 1438 u
629 1385 733 1455 μέρους,
758 1396 810 1442 ex
830 1373 957 1470 parte',
981 1373 1129 1446 Paulum
1158 1373 1371 1472 significasse

395 1488 494 1588 juxta
519 1487 813 1586 chrysostomum
838 1510 909 1557 non
936 1487 1127 1576 Christum,
1155 1483 1217 1556 scd
1251 1484 1372 1556 Corin·

396 1598 489 1670 thios
514 1610 574 1666 aut
599 1595 819 1666 Corinthiam
844 1591 1063 1685 Ecclesiam,
1089 1617 1168 1691 quae
1193 1617 1273 1691 pars
1298 1605 1376 1660 erat

399 1733 460 1780 seu
486 1703 687 1778 membrum
712 1704 830 1802 magni
864 1705 1020 1804 corporis
1053 1703 1193 1802 mystici
1222 1718 1281 1772 aut
1305 1703 1375 1773 Ec·
1451 1691 1453 1696 ’

400 1813 515 1887 clesiae
541 1813 760 1904 universalis3
787 1811 906 1910 quod,
930 1829 971 1884 ut
995 1814 1106 1912 magis
1132 1825 1277 1913 apparet
1299 1807 1373 1880 illu·

399 1920 527 1993 stribus
552 1947 595 1992 ex
620 1920 869 2020 interpretibus
902 1923 1083 2021 Pequigny
1117 1936 1153 1992 et
1182 1920 1375 1992 Gorcomio
1459 1919 1460 2006 3

398 2032 434 2102 in
461 2032 554 2101 huuc
578 2029 707 2122 locum,
731 2030 875 2102 minime
900 2028 1126 2130 flexiloquum
1151 2045 1214 2122 est,
1238 2053 1278 2099 ac
1294 2053 1375 2128 per·
1459 2073 1460 2080 κ

398 2135 487 2210 belle
514 2162 550 2208 se
575 2137 691 2212 habet

810 2383 913 2430 CAPUT
940 2383 964 2430 ΙΙ

399 2564 462 2650 (De
485 2562 634 2641 fflotissua
658 2571 795 2641 &nimo
821 2564 961 2661 fficiam,
979 2565 1122 2649 scientio
1138 2601 1167 2649 et
1183 2567 1370 2650 Surrentum

335 2827 338 2836 ¹
451 2794 599 2866 Scieutia
624 2793 792 2896 perfectio
819 2815 872 2870 est
898 2802 1048 2872 attinens
1073 2800 1117 2872 ad
1141 2797 1373 2892 intellectum,

401 2902 698 3000 quemadmodum
723 2908 885 2979 sanctitas
911 2909 956 2980 ad
973 2908 1198 2982 voluntatem.
1215 2910 1257 2980 In
1274 2907 1372 2980 Chri·

401 3026 456 3084 sto
482 3028 587 3112 prout
611 3013 687 3084 Deo
711 3013 1000 3112 perfectissimam
1025 3019 1265 3114 infinitamque
1291 3015 1374 3087 suis-

402 3145 438 3190 se
463 3145 580 3194 rerum
606 3123 764 3193 omnium
790 3125 961 3216 notitiam,
986 3124 1148 3215 divinam,
1173 3127 1374 3215 increatam,

402 3255 480 3324 quae
505 3244 657 3300 creatam
682 3255 761 3302 non
779 3231 982 3325 infuscaret,'
1003 3216 1118 3307 veluti
1134 3235 1195 3306 lux
1212 3235 1300 3306 Solis
1322 3238 1375 3306 in·
1458 3299 1459 3304 ,

400 3337 515 3408 terdiu
540 3337 633 3408 lunae
658 3338 787 3432 lumen,
805 3342 865 3412 sed
890 3345 1001 3440 magis
1026 3346 1062 3415 in
1087 3373 1128 3420 eo
1163 3345 1373 3441 adaugeret,

402 3445 453 3515 uti
477 3443 598 3515 lumen
624 3446 709 3516 aeris
733 3443 794 3517 lux
819 3450 973 3548 ejusdem
999 3457 1143 3526 maximi
1167 3453 1371 3548 Luminaris3

403 3577 698 3654 supervacaneum
722 3579 763 3627 ac
788 3573 884 3629 extra
909 3575 1041 3631 metam
1067 3579 1119 3634 est
1143 3561 1305 3635 hocloco
1323 3563 1372 3635 di-

387 3687 500 3752 cere:
526 3660 629 3734 edicit
655 3665 748 3736 euim
773 3665 810 3737 id
834 3686 964 3768 aperte,
990 3687 1025 3742 et
1051 3665 1265 3774 apertissime
1283 3675 1371 3746 evin-

404 3772 452 3845 cit
476 3773 550 3874 ipsa
575 3774 704 3845 Christi
729 3775 898 3873 divinitas,
915 3808 934 3852 a
951 3807 1018 3882 qua
1035 3785 1157 3884 nequit
1177 3785 1309 3884 sejungi
1326 3801 1371 3856 at-¹
1456 3781 1458 3786 ’

404 3881 573 3956 tributum
589 3885 722 3962 divinae
748 3893 962 3990 cognitionis.
979 3893 1021 3966 In
1038 3897 1177 3971 Christo
1198 3911 1314 3972 autem
1333 3911 1369 3969 ut
