2932 4970
529 471 667 568 )('te)(

90 590 147 656 'ed
170 605 301 674 urgente
326 584 416 664 tibia,
432 583 519 669 lyra,
536 583 665 668 cythara
684 581 722 647 ad
747 583 826 668 <prid
851 583 931 649 sucta
948 585 1024 668 sint,
1041 608 1097 654 ne·

107 690 228 754 sciata
254 686 458 750 lusuititem
482 685 567 750 inter
591 684 707 748 autoris
733 704 842 749 causas
866 685 987 766 otinm3
1013 691 1098 756 unde

107 791 261 856 Ovidius:
288 790 354 854 olio
370 789 401 854 ci
415 791 521 869 tollas,
543 788 667 873 periero
692 789 862 872 cupidinis
878 811 986 856 arene.
999 790 1100 860 'Addit

105 896 248 980 insuper:
267 909 286 952 e
299 893 457 958 excitatur
473 911 601 957 amor...
616 891 774 956 a‘eboreis
792 891 949 978 imprimis
966 913 1022 979 per
1038 897 1098 962 sal·

105 999 266 1062 tationem·
284 995 553 1075 volutabumlam,
575 1016 595 1060 o
620 993 874 1081 frequentatione
890 995 1100 1081 theatrorum,

108 1121 130 1164 a·
150 1099 343 1186 spectaculis
365 1097 548 1162 domesticis
567 1123 608 1160 a:
633 1095 689 1162 ubi
713 1095 879 1176 subnotat,
903 1117 975 1184 quse
1004 1100 1098 1168 bodie

108 1199 190 1266 lictae
214 1201 248 1265 in
271 1199 436 1266 sicdictis
462 1201 599 1264 rlaedtrcc
615 1201 653 1264 da
669 1199 782 1266 aocic'tc
805 1199 970 1284 agitentur
984 1221 1099 1284 secun,

110 1301 167 1366 bas
191 1321 276 1388 serpe
300 1300 396 1365 nimis
421 1300 576 1386 postridie
600 1299 698 1364 reales
722 1298 863 1366 evadere

105 1406 131 1443 '³
156 1401 231 1466 llaec
255 1417 321 1467 non
344 1411 439 1466 erunt
463 1398 603 1464 fortassis
628 1397 757 1464 ellatim:
773 1419 846 1465 ecco
870 1419 949 1484 ergo
973 1421 1013 1467 ex
1030 1413 1099 1468 tan-

112 1515 146 1569 te
170 1506 241 1570 viro
261 1503 406 1570 saeculari
424 1523 533 1568 curem
550 1502 712 1583 moralcm3
729 1502 813 1568 unrle
830 1505 931 1588 tnagis
947 1507 1100 1574 sreeulum

110 1605 368 1693 pudeatellutire
383 1605 558 1670 saecularia:
576 1631 596 1664 a
610 1605 762 1686 Educatio
778 1605 934 1672 hodierna
949 1627 1009 1694 per
1028 1613 1100 1678 uni·

110 1731 235 1776 versam
259 1709 432 1796 Europam,
448 1709 560 1794 cinglio
576 1709 812 1794 quodammodo
833 1720 974 1795 excepta,
989 1713 1101 1797 vrrlga-

111 1819 167 1890 tu,
191 1820 349 1896 quatenus
373 1807 549 1874 ellerniuota
573 1819 605 1874 et
629 1829 733 1890 vana,
756 1830 822 1874 non
845 1813 922 1876 satis
953 1812 1102 1897 religiosa

111 1910 216 1999 (quiid
226 1953 228 1960 ·
239 1911 394 1998 profanus·
408 1910 448 1976 ad
465 1911 533 1976 haee
549 1911 811 1996 indignabundus
821 1953 824 1962 ·
834 1913 1109 2002 oblatt·etl).mu·⁴

110 2017 209 2082 sicam
232 2026 334 2080 artem
357 2015 576 2094 saltatoriam,
600 2015 671 2101 plus
696 2037 791 2102 qoam
816 2038 874 2104 par
897 2017 979 2084 soret
1002 2020 1103 2089 extol·

109 2115 179 2180 lens
193 2166 200 2180 .
214 2165 241 2181 ..
264 2114 437 2200 juvenibus
460 2115 642 2180 libertatem
659 2117 791 2182 nimiam
807 2117 996 2199 concedens,
1011 2131 1044 2184 et
1060 2119 1102 2186 lc-

109 2237 146 2288 re
170 2237 295 2304 semper
318 2235 415 2304 super
438 2218 556 2284 natales
585 2229 618 2284 et
642 2218 830 2286 familiarum
859 2221 1101 2306 conditionem,

109 2309 219 2388 allatas
243 2321 484 2408 causaspotius
507 2321 658 2402 intendit,
674 2345 768 2410 quam
793 2323 920 2390 relaxat.
944 2324 988 2391 Ut
1011 2346 1101 2392 emor

109 2425 244 2492 illicitus
268 2438 474 2492 arceatur..-.
500 2429 622 2512 optima
647 2427 680 2492 id
705 2427 860 2498 efficiendi
883 2430 966 2498 ratio
984 2429 1101 2496 inob-

107 2525 186 2612 Jccti
205 2523 381 2611 'periculosi
397 2527 562 2612 praecipite
587 2527 662 2613 luga
680 2531 885 2596 consistite..
910 2551 963 2596 ue·
975 2531 1016 2596 de
1032 2533 1102 2598 aliis

110 2629 274 2718 nonnullis
298 2630 424 2694 auxiliis
446 2630 512 2716 jem
537 2633 689 2698 adversus
721 2634 992 2722 ltypocondriasin
1018 2655 1103 2702 com-

111 2731 281 2810 mendatis,
305 2742 436 2817 exceptu
454 2743 558 2797 tarrten
576 2733 707 2813 musica,
721 2735 891 2821 loquamur
905 2763 934 2800 a.
959 2735 1104 2818 lliocica,

110 2833 231 2915 irrepit,
256 2845 405 2915 eccepto:
430 2851 504 2896 nam
527 2845 614 2898 recte
638 2833 837 2916 subtexitur,
861 2837 1023 2902 amatoriis
1048 2837 1102 2902 de·

113 2945 276 2999 tentorum
301 2933 512 3020 compedibus
535 2955 627 3002 aures
651 2935 847 3004 obturandae
866 2957 946 3019 esse,
962 2959 1002 3004 ne
1014 2939 1104 3006 -Sirc-

73 3037 78 3050 '
112 3055 192 3100 num
217 3036 496 3116 cantusaudiant,
511 3047 544 3102 et
559 3034 739 3103 olleudator
757 3040 895 3105 animus.
922 3067 941 3099 a
959 3041 1103 3118 Quorum

111 3150 217 3220 autem
242 3138 446 3218 auxiliorum,
464 3143 633 3206 concludit
656 3143 721 3223 ille,
738 3165 807 3207 non
825 3145 1017 3210 cucullatus
1034 3168 1101 3210 cer-

110 3255 142 3306 te
165 3239 364 3320 monacisca,
388 3241 510 3306 nullum
537 3253 622 3308 certe
646 3254 756 3324 extat,
780 3244 867 3331 quod
892 3245 1104 3310 consolationi

10 3341 11 3346 ’
109 3343 300 3428 ereligione
318 3343 615 3431 christianapetitre
642 3346 840 3431 aequiparare
865 3347 976 3432 possit,
1002 3348 1104 3434 inpri-

109 3449 182 3524 mis,
198 3449 223 3511 si
244 3445 370 3511 ollensae
386 3447 442 3512 Dei
458 3446 624 3536 futurique
639 3449 799 3534 supplicii,
816 3450 955 3536 peccatis
973 3450 1104 3535 alligati,

110 3552 194 3617 ratio
217 3549 381 3631 lrabeatur,
397 3571 434 3616 ec
457 3570 567 3637 preces
591 3551 733 3632 fervida,
749 3553 909 3638 peculiare
934 3553 1105 3642 voluptatis

109 3671 213 3738 genus
230 3649 424 3717 infidelibus
444 3655 630 3734 excitantes,
645 3651 897 3719 effundentem„
911 3651 931 3692 *
957 3677 961 3682 ·
1004 3675 1009 3694 =
1036 3673 1039 3680 ¹

159 3987 166 4002 “
183 3989 248 4053 Scio,
260 3987 325 4053 qaid·
337 3997 436 4054 contra,
453 3977 516 4040 circa
534 3993 642 4041 musicen
653 4015 668 4054 ‚·
678 3991 870 4042 aclmurumreut'z
889 3990 996 4042 Adversa
1015 4001 1102 4056 [nnec
