2942 4962
377 535 450 608 198
626 557 686 604 tm
712 555 745 604 tv
773 552 941 602 scamaras
966 555 988 603 v
1014 553 1044 602 c.
1070 553 1095 600 n

374 643 498 718 mortis
522 639 725 732 adducatur,
749 629 898 737 qaaeque
922 639 1063 712 interim
1089 666 1108 710 a
1134 637 1186 724 sui
1205 627 1357 712 dissolu-³

374 754 470 825 tione
489 759 559 852 'per
576 777 613 823 se
630 775 671 823 ac
687 750 830 822 interitu
846 749 1072 822 vehementer
1088 746 1272 822 abhorret:
1297 748 1351 821 lo·

373 878 572 963 quutusque
594 864 643 936 ita
669 863 773 934 etiam
798 875 862 953 est,
887 875 937 932 ut·
956 862 1248 934 Incamationem
1260 915 1273 948 ,
1299 859 1350 931 ait

373 974 590 1074 Epiphanius
608 974 700 1046 Hoer.
719 971 778 1062 69,
795 995 868 1043 aon
886 973 999 1066 specie
1015 969 1210 1042 dumtaxat
1225 967 1348 1044 adam·

374 1083 527 1172 bratam,
549 1083 609 1158 sed
626 1084 736 1182 reipsa
754 1105 897 1181 vereque
914 1081 1198 1155 administratam
1212 1078 1351 1178 saissa,

375 1196 564 1268 discamus.

422 1301 454 1400 ld
479 1307 618 1396 iterum,
636 1305 780 1377 alteram
797 1304 959 1403 negando
977 1305 1271 1377 consecutionem.
1288 1304 1350 1375 Et·

372 1417 467 1488 enim
493 1442 532 1488 ea
558 1414 663 1488 verba
689 1417 894 1515 neutiquam
916 1432 998 1489 sunt
1015 1416 1228 1518 impatientis
1244 1431 1350 1513 atque

372 1525 584 1627 desperantis
610 1529 727 1617 animi3
755 1526 906 1600 sediliis
931 1526 1147 1626 Redemptor
1163 1527 1262 1599 Jesus
1279 1551 1350 1599 om·

370 1639 407 1710 ni
425 1640 577 1711 humana
594 1665 660 1739 ope
679 1655 714 1711 et
727 1639 848 1712 solatio
866 1638 1065 1730 destitutus,
1077 1639 1254 1734 horaeque
1272 1663 1348 1710 sen·

333 1759 337 1766 '
373 1775 412 1820 su
440 1748 624 1823 derelictus
637 1805 647 1841 ‚
673 1747 848 1841 ostendit,
875 1765 915 1821 ut
940 1748 1035 1838 dixi,
1061 1747 1252 1830 veritatem¹
1277 1771 1350 1824 suae
1380 1742 1383 1748 ’

374 1859 599 1930 hunraaitatis
625 1874 661 1930 et
687 1858 816 1931 doloris
842 1859 894 1930 sui
920 1856 1167 1930 acerbitatem:
1202 1853 1351 1951 ideoque

376 1971 423 2040 ait
449 1993 511 2066 per
535 1967 777 2060 psalmistam,
808 1967 910 2064 longe
935 1993 958 2038 a
982 1965 1095 2038 salate
1130 1988 1236 2050 mea,
1260 1961 1352 2034 idest

374 2079 477 2178 longe
504 2106 561 2150 me
588 2079 719 2152 faciunt
744 2105 803 2150 seu
830 2077 1039 2178 impediunt,
1063 2101 1107 2146 ne
1134 2073 1176 2146 ab
1202 2073 1256 2144 his
1282 2087 1348 2145 tor·

373 2191 501 2262 nreatis
527 2191 663 2290 eripiar,
681 2189 783 2263 rerba
800 2189 1008 2280 delictorum
1026 2208 1200 2278 mearam,
1218 2185 1351 2258 scilicet

371 2298 501 2396 flagitia
528 2299 758 2391 subditorum,
784 2327 863 2398 quae
889 2301 963 2400 ipse
994 2327 1071 2371 ntea
1099 2297 1175 2390 feci,
1202 2324 1351 2395 qumque

375 2434 492 2481 revera
518 2412 590 2504 ipse
609 2411 756 2505 pertulit
782 2412 820 2481 ia
837 2434 982 2506 corpore
999 2434 1063 2483 sao
1082 2432 1187 2506 saper
1211 2407 1352 2502 lignum

375 2546 418 2592 ex
447 2522 459 2590 1
493 2518 586 2591 Petri
614 2545 643 2590 c.
671 2523 704 2592 2.
728 2521 806 2593 Non
833 2519 947 2593 solum
973 2547 1056 2620 ergo
1082 2521 1299 2620 impietatem
1317 2543 1350 2589 a·

371 2631 449 2703 lunt
465 2632 501 2703 in
520 2647 661 2734 pectore
680 2632 843 2706 Calvinus
861 2649 897 2705 et
912 2635 1088 2707 iohannes
1113 2633 1223 2704 Ferus
1240 2631 1352 2728 (Saa-

373 2746 503 2839 vaga),
529 2741 591 2816 sed
616 2742 764 2839 fungum
790 2743 921 2817 babent
945 2771 1011 2844 pro
1029 2743 1184 2833 cerebro,
1202 2742 1262 2841 qui
1279 2767 1349 2813 non

374 2855 528 2956 capiunt,
555 2855 596 2927 iis
621 2854 736 2929 verbis
761 2857 894 2948 Jesum,
911 2858 1043 2930 nedum
1061 2856 1210 2930 caruerit
1227 2851 1351 2927 fiducia

372 2965 409 3035 in
436 2967 587 3056 Patrem,
612 2965 655 3037 ad
673 2967 789 3068 ipsum
807 2968 933 3066 potius,
951 2968 1000 3039 sic
1016 2963 1246 3055 inclamand0,
1271 2987 1351 3036 con·

373 3071 513 3166 fugisse,
539 3091 573 3146 et
599 3077 680 3148 vitae
707 3077 811 3148 etiam
839 3094 994 3149 extrema
1020 3075 1215 3148 voluntarie
1241 3088 1277 3144 et
1294 3099 1351 3172 pa·

375 3183 474 3254 cifice
501 3185 711 3276 sustinuisse,
738 3203 845 3285 prout
870 3187 1026 3282 Delogas
1044 3201 1163 3258 noster
1180 3181 1351 3256 contribu-

372 3291 486 3388 lisque
512 3321 611 3365 naeus
637 3295 680 3366 ad
706 3322 780 3366 rem
808 3293 959 3368 breviter
989 3295 1172 3384 observat,
1198 3293 1353 3384 evincit,

374 3399 424 3470 sic
451 3400 662 3473 concludens
688 3405 968 3502 Epigr·a1mn.42
988 3405 1110 3504 primae
1127 3429 1200 3502 par.
1217 3400 1351 3474 Indicis

372 3507 473 3580 Libri
500 3511 599 3581 vitra:

548 3656 560 3680 a
580 3635 636 3701 Quo
654 3653 712 3686 vero
728 3638 815 3700 tendit,
833 3638 901 3699 Josn,
914 3645 955 3688 tua
967 3645 1050 3688 saneta
1062 3635 1175 3704 querela,

617 3729 723 3795 Quando
741 3739 861 3784 tutemet
878 3732 968 3781 deseris
985 3734 1036 3799 ipae
1055 3729 1149 3782 iibens?
1162 3752 1174 3776 a

374 3833 467 3904 Patri
493 3829 571 3904 ideo
599 3832 755 3904 Christus
780 3850 952 3934 perpetuo
978 3831 1156 3924 obediens,
1181 3857 1263 3904 cum
1280 3855 1351 3902 om·

371 3946 427 4016 nia
448 3963 734 4038 consummasset,
760 3944 803 4017 ad
830 3961 1028 4020 extremum
1046 3947 1163 4020 emisit
1188 3941 1351 4042 spiritum
