2932 4970
394 507 442 583 74
655 493 715 582 nra
737 491 775 577 ¹rv
801 526 969 576 marronis
994 526 1006 572 r
1032 526 1062 588 c.
1087 526 1100 572 r

389 620 525 696 Messioe
549 617 673 716 figeret
698 643 739 690 ac
764 615 935 691 definiret.
960 614 1184 687 Postremum
1217 613 1370 716 'denique
1457 565 1458 604 ³

391 727 572 804 falsissime
599 724 743 800 dicitur:
770 724 901 798 etenim
928 723 1024 797 Scito
1042 747 1108 823 pro
1126 720 1213 794 urbe
1238 723 1372 797 hebrai·

391 863 433 912 ee
459 836 598 910 diverso
623 833 731 910 modo
756 832 929 926 scribitur,
954 859 1021 906 nec
1047 833 1197 906 sumitur
1213 859 1370 931 unquam
1458 925 1459 936 ἵ

388 942 524 1031 Javolz,
550 945 678 1030 veniat,
702 967 769 1043 pro
795 940 967 1016 devastori
991 957 1052 1012 aut
1076 946 1191 1014 everti.
1218 941 1299 1014 Saul
1316 968 1372 1014 au·

390 1067 465 1130 tem
488 1052 526 1122 in
550 1051 909 1152 Ramataim-sophim
926 1066 980 1124 est
997 1067 1230 1142 consecratus,
1247 1075 1372 1121 renun-

391 1165 565 1262 tiatusque
590 1189 653 1238 rex
676 1164 714 1236 in
738 1165 947 1263 Masphatlr,
973 1180 1010 1236 et
1034 1178 1171 1236 creatus
1196 1178 1250 1266 est
1274 1163 1372 1252 lero·

388 1273 538 1350 boemus
562 1273 600 1344 iu
626 1273 776 1348 Sichem.
800 1274 921 1373 Neque
938 1275 976 1346 in
993 1275 1034 1346 iis
1052 1289 1231 1374 sceptrum
1248 1270 1294 1344 de
1311 1273 1370 1344 Ju-

391 1383 436 1464 da
461 1384 625 1458 recessit:
652 1409 734 1456 cum
760 1400 840 1458 ante
866 1383 1006 1457 Saulem
1023 1383 1119 1458 haud
1135 1383 1277 1485 proprie
1304 1381 1372 1454 lue·

388 1492 448 1588 rit,
472 1517 585 1592 neque
611 1491 699 1564 adeo
724 1492 942 1594 splenduerit
959 1509 1039 1566 ante
1057 1492 1229 1567 Davidem
1255 1491 1293 1562 in
1311 1491 1371 1562 tri·

267 1641 279 1668 ·
389 1600 440 1676 hu
464 1600 588 1692 Judae3
613 1627 680 1674 nec
705 1602 811 1676 luerit
835 1629 855 1674 a
880 1601 1070 1678 Jeroboam
1105 1601 1282 1692 ablatum,
1309 1597 1372 1671 sed

389 1711 573 1790 dumtaxat
597 1713 825 1786 imminutum
842 1715 880 1786 in
895 1713 967 1807 illo,
985 1715 1045 1813 qui
1062 1710 1210 1804 aliunde,
1226 1711 1280 1785 vir
1296 1737 1374 1811 pes·

393 1827 503 1898 simus
528 1823 729 1923 inlandiquc
755 1827 951 1900 schismatis
979 1841 1124 1918 auctor,
1149 1849 1256 1923 quam
1279 1821 1373 1894 belle
1459 1837 1460 1854 *

396 1929 462 2008 luit
486 1936 688 2034 expectatio
713 1937 905 2031 gentium!

439 2045 635 2146 Oppouunt
662 2047 694 2122 2·
721 2045 907 2146 Sceptrum
934 2073 953 2120 a
979 2046 1072 2122 trihu
1102 2045 1192 2119 Juda
1226 2045 1372 2118 recessit

389 2156 431 2264 in.
452 2155 652 2259 captivitate
677 2153 876 2255 Babylonis,
902 2163 973 2258 qul>
989 2161 1065 2234 Rex
1082 2157 1184 2232 Judae
1207 2156 1372 2232 Sedecias

389 2291 410 2338 a
434 2264 775 2340 Nabuchodonosore
791 2287 987 2368 pertractus
1006 2287 1069 2362 est;
1087 2296 1128 2344 ac
1144 2268 1271 2344 deinde
1289 2282 1373 2367 post

390 2375 640 2478 captivitatem,
667 2402 748 2450 cum
775 2380 979 2473 Machabaei,
1005 2383 1066 2479 qui
1092 2398 1191 2454 erant
1216 2407 1259 2452 ex
1276 2375 1372 2450 tribu

390 2487 498 2577 Levi,
523 2485 630 2564 tribui
655 2485 755 2560 Judee
780 2489 1016 2591 praefuerunt:
1042 2509 1197 2568 attamen
1231 2517 1303 2564 non
1328 2515 1373 2560 eo

390 2614 550 2700 tempore
576 2599 719 2672 Messias
744 2600 965 2677 adventavit:
992 2629 1077 2702 ergo
1094 2603 1293 2678 vaticinatio
1317 2601 1374 2672 Ja-

390 2710 458 2786 cob
482 2737 554 2784 nou
589 2713 726 2814 praebet
750 2715 787 2786 in
823 2717 1006 2790 amissione
1038 2718 1167 2818 sceptri
1201 2713 1373 2786 adventus

388 2823 526 2898 'Messiae
552 2826 800 2899 characterem.

384 2983 387 2990 ι
439 2907 483 3029 ll.
508 2933 582 3006 Nisi
606 2932 711 3007 velim
736 2937 907 3010 extricare
934 2936 1185 3027 difficultatem,
1207 2933 1371 3036 expedite

384 3068 563 3146 ,reponens
588 3045 680 3118 inter
706 3045 969 3147 Theologorum
995 3049 1053 3120 hic
1079 3047 1233 3137 discidia,
1257 3048 1295 3126 in
1317 3072 1374 3118 va·
1461 3083 1462 3088 κ

390 3155 510 3230 ticinio
534 3153 643 3228 Jacob
669 3181 733 3254 per
757 3156 894 3228 Iudam
919 3157 1065 3256 intelligi
1095 3184 1196 3258 posse
1222 3184 1295 3230 nou
1320 3181 1374 3232 so·

392 3263 464 3337 lam
502 3261 635 3337 tribum
672 3263 853 3337 Judaicam
888 3266 950 3340 sed
977 3269 1187 3361 Nationem,
1225 3267 1281 3340 cui
1314 3263 1373 3338 illa

381 3401 524 3450 ¹nomen
550 3372 657 3466 dedit,
683 3377 894 3468 universam,
921 3395 956 3451 et
982 3407 1001 3450 a
1028 3407 1095 3477 qua
1120 3404 1301 3477 nunquam
1329 3375 1374 3448 ad

384 3485 554 3556 -Messiam
581 3509 691 3583 usque
718 3483 908 3560 dominatio
934 3489 1125 3580 recesserit3
1152 3513 1242 3587 nego
1268 3486 1375 3558 aliun·

374 3590 438 3678 „de
462 3593 643 3691 majorem,
669 3609 714 3683 et,
732 3619 894 3668 concessa
911 3597 1057 3686 minore,
1076 3595 1373 3694 consequentiam.

382 3701 486 3774 -Nam
517 3700 727 3801 perdurante
764 3706 1064 3805 transmigratione
1090 3705 1301 3806 Babylonica
1325 3705 1374 3776 ad

394 3812 519 3886 solium
544 3815 643 3911 regni
668 3815 742 3886 Rex
776 3813 1020 3892 Evilmerodac
1045 3815 1207 3889 exaltavit
1239 3814 1372 3899 loachi·

383 3952 493 4001 mum
519 3925 562 4000 de
588 3927 680 4000 tribu
706 3926 807 4021 luda,
834 3930 1081 4026 atque-etiam,
1107 3951 1372 4030 eapermauen·
