2932 4970
385 477 433 552 32
734 495 884 544 nusanr.
909 493 1027 544 anona.

373 583 484 684 petati
499 581 582 655 ibid.
609 581 670 672 Ἠ,
695 580 818 653 decem
836 578 1028 677 uirginibus
1046 603 1076 652 c.
1104 576 1168 672 ιδ,
1192 595 1319 678 atque
1351 595 1402 651 et·

380 700 451 772 iam
462 720 616 794 sagene,
629 717 769 790 magne
783 692 908 764 domei
919 708 956 764 et
967 716 1069 790 agro:
1083 693 1259 792 jamvero,
1283 691 1398 790 quod

379 808 498 905 ipsum
524 801 741 902 Cyprianus,
767 801 1023 900 Hieronymus,
1040 800 1281 900 Augustinus,
1307 799 1344 874 F
1345 799 1398 872 ul·

384 917 526 1015 gentius
549 913 768 1010 Magnusque
796 912 987 1011 Gregorius
1012 927 1336 1012 argumentantur,
1356 911 1395 982 in

383 1052 461 1098 area
479 1023 583 1096 simul
608 1049 691 1096 eum
708 1023 887 1096 frumento
911 1021 1024 1123 paleae
1047 1023 1311 1124 reperiuntur;
1343 1020 1392 1094 ad

385 1135 587 1208 convivium
599 1133 684 1206 boni
701 1133 807 1206 simul
819 1149 857 1206 et
869 1133 953 1204 mali
970 1130 1229 1225 confluxerunt
1243 1158 1300 1204 ex
1322 1132 1393 1206 vir·

381 1243 522 1344 ginibns
545 1261 664 1317 autem
681 1246 837 1345 quinque
862 1243 1056 1346 prudentes
1082 1259 1183 1316 erant
1209 1258 1245 1314 et
1277 1243 1392 1342 quin·

379 1382 450 1456 que
468 1354 583 1449 satuae3
595 1357 634 1428 in
651 1383 777 1455 sagena
791 1381 933 1454 quoque
950 1355 1064 1455 pisces
1076 1371 1113 1426 et
1129 1353 1216 1428 boni
1228 1353 1390 1427 conclu·
1451 1430 1452 1458 ¹

383 1467 518 1539 duntur
535 1484 572 1540 et
588 1466 689 1559 mali;
707 1470 746 1539 in
762 1493 889 1565 magna
916 1465 1023 1540 domo
1040 1491 1119 1558 vasa
1145 1481 1229 1538 sunt
1245 1491 1390 1556 aurea,

386 1595 563 1678 argentea,
579 1579 704 1678 lignea,
717 1596 878 1671 testacea,
895 1579 932 1650 in
950 1605 1035 1678 agro
1052 1577 1210 1670 demum,
1229 1607 1246 1647 ι)
1263 1579 1385 1649 inter-

381 1715 452 1788 que
478 1690 625 1792 nitentia
651 1689 755 1783 culta,
770 1689 956 1815 lappaeque
973 1705 1010 1761 et
1025 1687 1147 1761 tribuli
1168 1703 1205 1760 et
1230 1688 1381 1760 steriles

381 1785 607 1873 dominantur
624 1827 793 1876 avenaeu.
821 1827 905 1900 ergo
922 1802 1009 1873 item
1025 1801 1062 1871 in
1089 1799 1219 1872 Christi
1244 1798 1380 1872 Eccle·

385 1909 435 1980 sia
460 1910 499 1981 in
525 1925 638 1982 unum
655 1912 729 2011 ejus
746 1909 913 2008 idemque
932 1935 1060 2009 corpus
1076 1933 1159 1980 cnm
1175 1906 1301 2016 probis
1321 1909 1387 1979 ho·

383 2017 539 2090 minibus
565 2035 601 2090 et
627 2018 939 2119 praedestinatis,
914 2046 943 2092 s1
961 2018 1005 2091 de
1022 2007 1311 2120 christifidelibus
1325 2017 1384 2090 lo·

381 2129 534 2226 quimur,
559 2132 745 2228 nequiores
771 2133 877 2202 etiarn
901 2129 1087 2221 manifesti,
1108 2115 1318 2230 peccatores
1337 2155 1382 2200 ac

380 2237 524 2338 reprobi
540 2239 750 2313 coalescunt.
775 2243 833 2314 sie
858 2241 977 2335 ludas
995 2243 1061 2314 etsi
1086 2239 1270 2341 reprobus,
1297 2253 1389 2314 erat

381 2362 576 2444 utcumque
602 2374 686 2421 cum
712 2351 853 2422 Christo
879 2366 915 2421 et
940 2353 977 2421 in
1002 2350 1179 2443 Ecclesia·;
1206 2367 1243 2422 at
1267 2353 1308 2422 ιιι
1338 2377 1386 2421 ea

383 2455 543 2530 nondum
579 2474 653 2529 erat
665 2515 676 2551 ,
710 2462 850 2532 tametsi
884 2461 1178 2560 praedestinatus,
1202 2461 1387 2534 Ecclesia

382 2584 587 2668 persecutor
613 2570 753 2643 Saulus:
781 2599 825 2644 ex
852 2599 924 2672 quo
949 2575 1000 2665 fit,
1025 2591 1066 2646 ut
1091 2600 1165 2646 non
1190 2571 1275 2666 soli,
1302 2599 1374 2646 nec

383 2704 508 2750 omnes
532 2680 677 2752 omnino
703 2680 960 2781 praedestinati,
987 2684 1056 2755 sint
1081 2701 1162 2756 actu
1187 2683 1225 2754 in
1250 2683 1379 2757 Eccle·
1453 2733 1455 2826 p

384 2789 444 2862 sia.
470 2789 529 2862 Ad
552 2791 640 2889 haec,
656 2809 806 2886 constat,
832 2793 1026 2894 improbos,
1044 2795 1105 2893 qui
1131 2797 1284 2894 correpti
1310 2797 1378 2868 Ec·

385 2901 527 2974 clesiam
552 2901 670 2976 audire
696 2903 883 2996 noluerint,
909 2905 952 2976 ab
974 2905 1132 2977 Ecclesia
1158 2905 1236 3004 ejici
1258 2931 1377 3006 posse,

384 3013 476 3085 sicut
500 3013 543 3084 ab
570 3014 743 3115 Apostolo
770 3016 974 3088 Corinthius
989 3017 1219 3108 incestuosus,
1237 3016 1375 3116 publici

385 3138 507 3193 auctor
532 3123 710 3213 scandali,
737 3126 868 3221 ejectus
894 3124 982 3216 suit3
1010 3127 1070 3223 qui
1102 3123 1250 3225 proinde
1276 3129 1376 3228 prius

386 3245 461 3301 erat
486 3231 577 3300 intra
601 3231 817 3303 Ecclesiam:
845 3250 983 3306 constat
1008 3235 1148 3329 iterum,
1165 3263 1230 3336 pro
1255 3265 1377 3338 pecca·

385 3341 521 3414 toribus
537 3343 739 3414 institutum
758 3367 832 3414 esse
849 3346 1073 3419 Poenitentiae
1090 3349 1374 3438 Sacranrenturi13

385 3469 603 3525 sacramenta
628 3470 747 3526 autem
774 3481 897 3528 corum
924 3474 1005 3530 sunt
1031 3458 1224 3551 dumtaxat,
1250 3463 1374 3560 quiin

385 3564 542 3638 Ecclesia
568 3583 761 3640 versantur.
779 3568 870 3639 Item
887 3596 960 3642 non
978 3569 1041 3642 soli
1058 3571 1299 3672 praedestinati
1325 3599 1375 3644 re·

388 3675 526 3774 cipiunt
559 3677 667 3750 fidem
693 3696 729 3752 et
754 3679 951 3780 baptisma,
978 3710 1042 3784 per
1068 3685 1210 3782 quaein
1245 3709 1373 3784 corpus

388 3784 519 3856 Christi
545 3789 743 3882 transimus,
768 3815 841 3862 nou
867 3817 951 3864 vero
969 3819 1033 3893 per
1059 3791 1373 3891 praedestinationis

389 3894 554 3991 gratiam:
582 3923 661 3996 quae
689 3891 843 3971 aliunde
854 3925 937 4023 cum
963 3900 1143 3980 invisibilis
1169 3902 1235 3992 sit,
1260 3900 1372 3973 invisi·
