2908 4962
244 502 248 510 ·
272 503 608 558 nenecessitatem
626 502 737 552 causis
755 503 884 552 rucene.
998 553 1000 560 ,
1022 487 1070 558 81Ἰ

92 600 179 698 qnia
204 611 299 671 certe
324 595 440 696 potuit
463 592 559 664 Deus
588 610 726 664 summe
760 587 847 662 liber
871 587 920 664 a‘d
942 610 1073 686 extra,

93 709 148 780 uti
174 704 321 779 rebelles
346 701 512 802 Angelos,
537 704 584 774 ita
612 698 783 800 collapsos
799 701 958 776 homines
983 705 1076 780 dese
1169 773 1170 776 ,

94 841 173 888 rere
198 813 236 884 in
261 827 355 886 statu
381 811 612 884 damnationis
621 836 644 890 t„
657 810 738 882 hinc
760 811 912 907 gratuito
933 830 1078 912 propter

92 929 248 999 nimiam
274 927 459 998 caritatem
483 948 602 1010 suem,
626 948 698 1022 que
723 921 851 1006 dilexit
876 949 941 997 rios
950 981 963 1014 ‚
988 952 1074 1002 crim

90 1059 251 1110 essemus
277 1033 410 1105 mortui
427 1034 600 1131 peccatis,
626 1031 811 1127 vivificavit
827 1056 892 1104 nos
918 1035 956 1104 in
976 1031 1075 1106 Cleri-

1 1187 2 1194 κ
93 1157 165 1229 sto,
191 1139 306 1238 inquit
330 1139 456 1212 Paulus
483 1138 575 1211 tad
599 1139 781 1240 Ephesios,
797 1155 831 1212 et
847 1143 879 1212 si
898 1141 1078 1232 ominibus,

1 1299 2 1309 t
91 1252 145 1348 xait
171 1251 400 1350 Augustinus,
424 1249 582 1342 debitam
607 1251 846 1326 damnationis
862 1253 1078 1350 supplicium

75 1363 77 1370 ’
94 1362 313 1450 redderetur,
329 1387 403 1436 non
420 1365 550 1460 injuste
569 1363 776 1436 redderetur.
794 1363 881 1453 Quis
898 1389 993 1462 ergo,
1011 1367 1081 1439 Des

1 1523 3 1534 ‚
97 1501 163 1567 us,
187 1478 266 1573 quis
302 1473 489 1574 imputabit
514 1473 603 1562 tibi,
626 1479 658 1550 si
685 1477 855 1573 perierint
888 1479 1074 1565 nationeS,

98 1613 187 1686 quas
214 1604 253 1660 tu
264 1586 425 1682 fecisti?
450 1615 525 1688 cup.
553 1589 716 1688 Sapient·
734 1591 791 1662 12.

93 1767 95 1772 .
150 1695 188 1768 3⁰
202 1696 415 1796 Opinionem
428 1696 534 1795 aliqui
550 1697 775 1790 imbiberunt,
791 1697 905 1771 Deum
924 1701 1078 1800 potuisse

1 1859 2 1868 κ
97 1805 244 1907 quidem
268 1834 340 1882 non
366 1806 513 1880 liberare
540 1836 649 1907 genus
680 1811 896 1902 humanum,
922 1809 985 1883 sed
1019 1837 1080 1912 po·
1117 1861 1123 1876 -

1 1951 3 1992 1
98 1919 168 1992 sito
194 1918 288 2016 quod
312 1919 473 2009 voluerit,
498 1921 777 1995 lncarnetionem
803 1924 875 1995 lieri
898 1923 1001 2022 plane
1022 1949 1081 1996 ne·

2 2038 3 2041 ’
95 2029 290 2101 cessariam.
316 2029 384 2105 Ast
407 2030 490 2102 huic
517 2032 628 2104 tertiae
655 2033 825 2104 contraria
854 2031 982 2104 insedit
1007 2033 1081 2132 opi-

1 2179 3 2202 t
96 2137 158 2210 nio
183 2137 358 2238 plerisque
377 2139 670 2214 scholasticorum
699 2165 780 2212 cum
797 2141 902 2212 Petro
918 2137 1082 2212 Lomber·

97 2248 157 2338 do,
183 2251 332 2342 Thomu,
356 2249 614 2351 Bonaventura,
640 2253 745 2325 Scuto
775 2252 989 2349 ceterisque.
1018 2253 1106 2325 P0·'
1199 2255 1203 2266 '

1 2376 2 2383 ’
102 2373 193 2430 terat
217 2359 314 2433 Deus
340 2358 433 2430 enim
462 2385 506 2431 ex
531 2358 686 2432 absoluta
712 2361 868 2460 potentia
898 2357 974 2430 aliis
1009 2359 1082 2432 siue
1122 2363 1127 2379 '

98 2494 248 2542 numero
275 2465 389 2542 modis
419 2471 567 2544 liberare
593 2472 781 2545 humanam
816 2487 988 2563 naturam,
1013 2469 1085 2562 vel,

98 2595 196 2678 puta,
222 2582 329 2678 gratis
354 2581 586 2657 condonando
611 2597 797 2682 peccatum
822 2579 917 2652 nulla
934 2580 1084 2680 repetita

0 2752 5 2765 .
98 2691 346 2789 satisfactione,
371 2722 443 2770 non
469 2696 502 2772 vi
528 2694 661 2768 decreti
686 2693 880 2795 proesentis,
897 2690 960 2764 sed
977 2693 1006 2764 si
1024 2690 1083 2766 ali-

99 2801 152 2872 ud
178 2802 351 2902 edidisset,
377 2809 462 2907 quin
487 2807 553 2880 Dei
580 2806 767 2880 violaretur
780 2805 923 2904 justitia,
940 2831 1020 2904 quoe
1044 2803 1082 2874 in

4 2928 7 2938 '
98 2913 203 2986 aliem
220 2943 285 2991 nec
310 2920 487 3010 ardutate,
511 2946 579 2992 neo
603 2915 808 2991 ordinabilis
826 2933 892 3004 est,
909 2914 972 2988 sed
989 2941 1082 2986 sum·

99 3049 161 3095 ma
186 3041 223 3098 et
246 3027 333 3100 nulli
365 3029 529 3128 subjecta,
559 3028 615 3103 vel
641 3024 812 3125 exigendo
846 3024 1016 3096 leviorem
1045 3037 1083 3096 et

0 3208 3 3220 ,
102 3151 214 3210 ratam
247 3138 409 3214 hahendo
444 3138 736 3237 qualemcumque
770 3161 835 3236 pro
869 3134 1085 3232 benignitate

103 3247 386 3342 satisfactionem,
416 3253 472 3324 eui
498 3248 670 3324 obeundae
694 3274 758 3348 par
783 3261 874 3319 esset
891 3271 999 3345 purus
1021 3245 1082 3316 ho·

99 3381 172 3446 mo,
198 3359 279 3456 quia
305 3386 491 3461 supremus
516 3359 724 3432 Dominator
749 3356 834 3428 liber
862 3355 970 3426 estin
989 3376 1085 3424 exer·

101 3468 187 3540 citio
212 3495 285 3540 suae
306 3473 452 3570 justitiae
478 3470 596 3570 quoad
621 3495 737 3570 poenae
760 3466 916 3558 modum,
950 3491 1088 3538 mensu·

1 3659 2 3662 ,
100 3600 189 3667 ram,
204 3592 347 3679 tempus
365 3581 557 3680 etc.,quocl
582 3579 684 3651 nobis
700 3577 767 3679 ipsi
785 3575 985 3651 Adversarii
1008 3597 1089 3674 con·

6 3757 9 3776 ,
105 3686 246 3761 cedunt.
273 3693 378 3765 Unde
403 3695 537 3784 PatreS,
561 3692 620 3789 qui
646 3689 880 3790 plurimorum
905 3688 988 3764 huie
999 3683 1091 3786 judi·

6 3861 9 3877 .
90 3804 161 3900 ¹eio
190 3801 357 3876 videntur
382 3805 526 3905 opponi,
544 3829 625 3876 cum
642 3801 805 3876 Patribus
831 3799 985 3900 ejusdem
999 3797 1089 3898 judi-2

7 3949 9 4008 f
93 3914 150 3992 ,cii
175 3917 403 3990 assertoribus
429 3919 540 4000 amice
568 3915 820 4006 tortelliantut;
846 3914 875 3996 si
902 3915 975 4003 hoe,
1002 3910 1089 4014 dum

158 4049 459 4104 eumitren!
549 4121 553 4126 Ι
1017 4024 1038 4094 6
