2908 4962
128 581 147 606 f,
347 545 366 558 ..
407 527 606 576 *ne-auran
633 528 762 580 aaaron
870 584 876 598 x
1019 511 1090 583 149

112 641 219 690 caure
233 614 415 702 discessu
440 613 510 688 lzo'c
535 631 587 688 est
607 622 1092 714 potcstatismon‘neeessitn-

111 731 164 799 u's.
181 727 229 798 Et
254 750 384 803 rursus,
396 723 491 796 illam
509 726 558 796 Vl
576 724 738 824 Synodus
757 727 906 802 Oneum.
933 729 1091 806 delinivit

107 833 274 918 ¹adversus
309 831 578 924 Monotlrelitas‚
604 835 666 931 qui
701 836 914 930 humanam,
940 835 1089 936 eamque

108 943 274 1035 liberam,
299 943 518 1017 voluntatem
552 959 589 1016 et
622 945 862 1044 operationem
896 978 915 1022 a
951 951 1091 1022 Christo

108 1054 343 1132 exsufflabant
369 1057 514 1130 Ratione
539 1057 811 1158 comprobatur:
837 1063 970 1134 etenim
996 1063 1091 1134 Chri·

108 1183 185 1240 stus
210 1167 279 1240 suis
304 1165 438 1238 actibus
463 1192 594 1265 suaque
620 1167 693 1266 ipsa
720 1185 835 1242 morte
859 1173 1002 1271 proprie
1019 1197 1092 1244 me·
1126 1215 1128 1220 ,

108 1277 191 1370 ruit,
208 1277 259 1350 uti
276 1277 436 1376 proxime
453 1275 683 1350 concludam:
710 1280 806 1376 atqui
823 1278 867 1350 ad
883 1277 1093 1352 merendum

107 1384 251 1460 libertas
284 1383 527 1458 indifferentiae
560 1412 621 1458 seu
656 1387 851 1488 asimplici
884 1390 1089 1461 necessitate
1125 1433 1126 1438 κ

107 1494 324 1592 perquiritur
358 1519 401 1564 ex
435 1495 690 1595 proscriptione
724 1498 838 1568 tertiae
872 1498 1090 1571 Jansenionae

109 1601 386 1702 propositionis:
413 1627 497 1700 ergo
527 1618 616 1676 etc..

160 1707 263 1782 Prob.
291 1712 328 1782 Y
354 1737 455 1811 pars:
483 1711 542 1784 ubi
568 1713 734 1786 meritum
759 1714 801 1787 de
826 1716 1002 1812 condigno
1041 1741 1092 1788 re·

107 1819 287 1920 spiniosus,
313 1821 409 1920 quod
435 1849 547 1894 unum
573 1849 655 1896 vere
671 1849 712 1896 ac
729 1826 870 1926 proprie
888 1824 1093 1896 dictumest

107 1933 286 2005 meritum.
313 1934 390 2006 Hoc
416 1935 556 2008 Christo
582 1934 704 2006 tribuit
730 1937 907 2036 Scriptura
931 1938 975 2008 V.
1000 1951 1036 2007 et
1051 1936 1092 2008 Νι

108 2041 291 2134 Foederis3
317 2071 361 2118 ex
386 2073 456 2144 quo
483 2046 570 2118 illud
596 2063 649 2118 est
674 2047 882 2122 cumulatius
908 2047 953 2120 ad
984 2049 1094 2120 inten-

108 2168 198 2246 tum,
216 2153 312 2253 quod
328 2155 455 2228 Paulus
472 2158 519 2227 ait
537 2160 558 2230 2
577 2154 739 2256 Philipp,
756 2155 958 2237 humiliavit
974 2171 1092 2230 semet·
1159 2169 1162 2176 '

108 2266 227 2362 psum
244 2269 375 2361 seems
400 2264 563 2340 obediens
589 2267 773 2364 usquead
796 2284 972 2354 mortem,
1003 2290 1093 2338 mor·
1216 2337 1220 2346 .

108 2386 183 2447 tem
206 2387 327 2458 aarum
351 2376 492 2448 craecis:
513 2391 657 2474 propter
679 2376 776 2474 quod
791 2393 824 2448 et
840 2379 938 2449 Deus
955 2373 1093 2447 exaltas
1135 2403 1142 2414 ·

109 2485 160 2556 vit
184 2483 301 2570 illam,
326 2499 360 2556 et
384 2485 528 2557 donavit
553 2486 607 2558 illi
631 2510 778 2572 nomen,
803 2483 899 2582 quod
922 2499 1095 2579 estsuper

108 2617 218 2666 omne
243 2593 428 2666 nonaenld
444 2594 561 2694 ipsum
578 2594 777 2668 declamant
794 2595 852 2666 SS.
870 2595 1001 2685 Patres,
1018 2617 1094 2664 nec·

109 2729 183 2776 non
207 2702 345 2776 oracula
372 2704 620 2777 Conciliorum.
645 2704 765 2776 Etiam
791 2703 924 2774 ratione
942 2702 1094 2775 invictis·

108 2815 198 2887 sime
216 2814 408 2887 evincitur:
435 2842 518 2904 nam
535 2814 580 2886 ad
596 2816 764 2886 meritum
782 2813 826 2886 de
845 2812 1019 2910 condigno
1042 2837 1094 2882 re·

109 2927 259 3024 quiritur
288 2927 301 2997 1
336 2953 379 2998 ex
405 2945 505 3028 parte
531 2928 658 3028 operis,
684 2943 724 2998 ut
749 2927 794 2998 sit
822 2927 1032 3016 honestum,
1057 2923 1094 2995 li-

108 3037 247 3132 berum,
271 3039 419 3140 praemio
443 3038 759 3139 proportionatum3
788 3038 809 3108 2
837 3049 996 3134 exparte
1014 3059 1092 3133 ope-

108 3148 228 3238 rantis,
254 3163 294 3219 ut
319 3149 364 3220 sit
380 3148 456 3220 Deo
474 3173 573 3220 carus
590 3162 626 3218 et
642 3146 763 3238 viator3
783 3143 804 3218 3
826 3151 985 3244 exparte
1004 3161 1092 3244 prae·

109 3259 261 3352 miantis,
278 3276 318 3332 ut
334 3259 377 3332 ab
395 3259 518 3332 eodem
537 3259 760 3360 repromissio
776 3257 959 3330 habeatur:
978 3247 1039 3328 serl
1056 3253 1093 3322 in

110 3369 263 3446 Christo·
278 3375 332 3446 hae
358 3371 576 3448 conditiones
602 3370 781 3470 affulgeat,
798 3397 845 3448 ne
862 3368 1004 3468 dempta
1022 3367 1093 3466 qui·
1155 3379 1158 3384 '

109 3480 193 3554 dem
218 3483 447 3582 promissione
473 3483 584 3554 Patris
608 3508 651 3554 ex
668 3483 712 3554 ls.
732 3479 791 3572 53,
808 3482 839 3553 si
850 3481 1007 3577 posuerat
1022 3500 1092 3574 pru

103 3611 253 3692 peccato
280 3598 443 3666 animam
459 3619 578 3680 suam,
596 3592 722 3665 videbit
737 3617 858 3665 semen
880 3591 1092 3687 longevum:

114 3727 199 3801 ergo
227 3704 399 3795 Christus,
425 3701 511 3774 darn
536 3717 610 3773 erat
634 3701 756 3792 viator,
782 3725 861 3774 vere
886 3725 927 3771 ac
951 3698 1094 3801 proprie

112 3813 251 3887 meruit.
282 3812 445 3887 Jamvero
479 3811 614 3909 meruit
640 3836 712 3884 non
737 3836 802 3912 per
834 3825 932 3883 actus
965 3807 1092 3881 divinae

112 3919 312 4017 voluntatis,
337 3938 377 3994 nt
401 3937 509 4025 patet:
536 3946 601 3996 nec
617 3947 681 4022 per
699 3947 855 3996 aurorem
879 3917 1094 4012 beatificum,
