2942 4962
215 501 259 550 on
284 499 412 550 ennsn
437 499 567 548 rrmnrs
591 498 635 546 rr
661 498 794 548 orrrcns
819 500 932 550 norun
984 475 1055 551 185
1181 545 1184 554 .

97 639 100 648 ,
139 582 243 658 Prot.
268 585 391 656 Thesis
407 598 443 656 et
459 581 658 684 explicatur.
675 582 800 674 Quoad
815 586 966 686 priorem
982 613 1055 688 par·

91 710 163 768 tem
180 697 229 768 sic
244 693 349 768 habes
367 696 381 766 1
406 720 436 768 c.
453 693 497 766 ed
521 693 751 787 Colosscuses,
766 699 838 794 inse
865 715 916 772 est
942 698 1057 800 Caput

95 805 255 902 Corporis
272 806 455 892 Ecclesice;
473 821 508 876 et
528 807 541 875 1
567 803 610 876 ad
626 807 807 904 Ephesios,
832 810 947 906 iprum
963 811 1056 887 dedit

94 913 208 1010 Caput
220 939 325 1011 supra
338 939 481 986 omnem
493 913 700 985 Ecclesiam.
712 914 843 989 Revera
859 916 896 987 in
918 919 1057 994 Christo

90 1022 231 1092 homine
256 1036 441 1094 occurrunt
473 1022 540 1093 tria
564 1019 645 1114 illa,
670 1048 748 1117 quae
773 1048 892 1104 secum
917 1028 1058 1100 trahunt

91 1126 227 1199 Titulus
252 1129 452 1200 et'moralis
477 1127 628 1200 officium
653 1129 784 1230 Capitis
809 1150 969 1233 respectu
993 1137 1059 1209 Ec-

92 1235 215 1327 clesiae;
241 1237 325 1308 unio
350 1261 432 1309 curn
456 1235 636 1329 membris,
660 1240 901 1336 preeminentia
921 1245 1060 1342 regimi-

91 1347 156 1438 nis,
172 1344 354 1445 plenitudo
372 1347 558 1444 gratiarum
576 1362 612 1417 et
628 1347 664 1416 in
681 1351 797 1420 omnia
813 1351 971 1434 membra
987 1379 1060 1427 suae

91 1456 231 1530 virtutis
254 1452 405 1528 influxus
430 1452 475 1526 ad
500 1453 694 1553 agendum:
720 1481 804 1554 ergo
829 1484 910 1530 vere
927 1477 979 1534 est
994 1464 1061 1536 Ec·

90 1564 204 1638 clesiae
230 1565 355 1662 Caput.

139 1674 245 1748 Proh.
271 1677 310 1746 2⁸
335 1700 425 1774 pars.
450 1675 513 1747 His
537 1673 795 1748 conditionibus
812 1679 985 1778 inspectis,
1011 1708 1061 1755 es·

88 1811 129 1858 se
155 1786 270 1886 Caput
294 1783 619 1884 praedestinatorum
643 1783 811 1880 fidelium,
832 1791 905 1888 jam
929 1791 1061 1889 liquet3

88 1899 202 1970 immo
227 1912 263 1968 et
287 1895 441 1968 fidelium
466 1923 604 1996 quoque
628 1895 863 1999 {reproborum
875 1957 887 1995 ,
910 1902 992 1976 licet
1025 1906 1063 1976 lri

89 2010 160 2080 sint
185 2005 341 2080 membra
367 2005 607 2080 abscindenda.
632 2008 681 2080 At
705 2013 847 2112 insuper
871 2028 923 2086 est
948 2014 1065 2116 Caput

88 2119 264 2190 viatorum
279 2115 481 2209 infidelium,
497 2121 545 2190 ait
561 2119 603 2190 D.
629 2120 717 2211 Tu,
742 2123 778 2192 in
804 2138 973 2220 quantum
1002 2151 1063 2225 po·

90 2231 209 2324 tentia,
217 2256 289 2302 non
302 2245 393 2321 actu,
406 2245 488 2300 sunt
500 2233 787 2330 supereminentis
799 2234 956 2308 membra
970 2237 1064 2309 Chri-

90 2340 145 2431 sti,
162 2367 182 2410 3
199 2365 269 2437 quo
285 2340 411 2437 gratias
428 2339 578 2411 actuales
596 2341 781 2439 accipiunt,
793 2344 903 2442 iisque
919 2343 1063 2417 offerun-

91 2464 149 2519 tur
175 2447 373 2520 uberiores:
400 2463 477 2518 tunr
503 2447 651 2546 denique
669 2450 785 2550 Caput
802 2467 854 2523 est
871 2452 1063 2553 spirituum

90 2561 210 2658 patriae
236 2559 391 2650 caelestis,
407 2584 478 2631 non
495 2561 627 2632 ratione
644 2559 795 2634 influxus
813 2566 930 2661 gratiae
947 2565 1062 2637 omnis

91 2695 133 2740 ac
158 2669 275 2767 gloriae
300 2667 404 2740 etiam
430 2669 641 2760 essentialis,
666 2686 706 2740 ut
731 2671 787 2742 alii
811 2672 1062 2770 [contendunt3

91 2776 154 2848 sed
178 2778 381 2850 accessionis
405 2802 468 2877 per
494 2774 674 2848 Christum
700 2777 818 2874 gloriae
836 2777 1064 2869 accidentalis,

92 2915 135 2961 ac
159 2890 286 2961 iterum
311 2891 443 2968 ratione
462 2887 632 2987 ejusmodi
649 2890 902 2988 conjunctionis
918 2914 959 2961 ac
975 2915 1060 2988 prae·

90 3001 278 3094 mittendae,
296 3026 362 3100 qua
378 3001 477 3072 Deus
490 2998 588 3070 illum
606 3001 785 3072 constituit
803 3025 845 3072 ex
864 3002 877 3070 l
903 3000 948 3072 ad
968 3002 1061 3100 Eph.

93 3135 199 3210 supra
225 3138 369 3185 omnem
389 3113 634 3208 principatum
666 3127 700 3184 et
729 3125 1004 3208 potestatem...
1029 3126 1063 3184 ct

93 3249 198 3296 omne
216 3248 361 3310 nomen,
378 3222 471 3319 quod
487 3224 696 3294 nominatur
710 3247 783 3294 non
801 3222 917 3294 solum
935 3225 978 3294 in'
990 3219 1061 3295 hoc

93 3336 238 3422 seculo,
255 3335 436 3408 sedetiam
453 3331 644 3430 insutum.
661 3333 744 3406 ideo
761 3349 855 3406 recte
873 3333 957 3407 dicit
974 3333 1062 3431 Aug.

92 3445 128 3515 in
152 3446 208 3516 Ps.
223 3442 282 3536 36,
298 3468 434 3530 omnes,
451 3445 512 3539 qut
527 3441 571 3514 ab
591 3443 689 3514 initio
703 3439 863 3539 suerunt
881 3444 983 3540 justi,
1001 3440 1064 3513 Cn·

87 3569 156 3652 put
184 3553 365 3628 Christum
390 3552 542 3626 hubent.
557 3605 588 3624 ..
613 3553 790 3650 uriJ’unctis
817 3550 1011 3649 legionibus
1028 3566 1061 3624 et

95 3662 309 3736 exercitibus
336 3663 569 3760 Angelorum.
595 3662 660 3732 Ast
684 3661 779 3732 nullo
804 3663 931 3733 intuitu
950 3662 1064 3759 Caput

95 3786 147 3842 est
174 3769 426 3863 damnatorum,
451 3771 498 3842 ait
524 3771 557 3840 S.
583 3771 747 3858 Thomas3
773 3794 815 3838 eo
842 3766 935 3865 quod
959 3768 995 3848 in
1021 3793 1063 3836 rc·

95 3895 234 3952 ternum
259 3907 278 3952 3
305 3883 444 3954 Christo
468 3879 590 3978 Capite
625 3892 827 3978 separantur
840 3930 850 3966 ,
875 3901 915 3947 ac
941 3888 1080 3972 utpote=

94 3989 251 4066 membra
277 3992 422 4067 abscissa
447 3989 582 4064 nullum
608 3988 650 4061 ab
677 4014 718 4060 eo
743 3983 913 4058 influxum
946 3982 1063 4071 salutis
