2942 4962
241 503 284 549 ne
310 500 438 550 3333333
466 491 612 549 33333333
637 503 678 548 rr
705 501 908 550 3333333333
946 538 949 544 ,
995 482 1066 554 193

9 609 10 640 t
90 615 162 690 qua
187 593 368 686 cognoscit
397 587 572 675 Verbum,
597 605 630 662 et
656 614 708 662 res
735 593 772 661 iu
793 590 929 680 Verbo;
946 607 980 663 et
1000 598 1064 666 sci·

90 701 185 771 entia
212 695 382 792 insuta
351 724 420 770 sure
437 699 563 786 indito,
580 698 624 770 ad
642 700 757 770 omnia
776 699 975 773 Mediatoris
992 729 1064 772 mu·

89 812 146 898 nia
173 809 414 908 cognoscenda
440 825 623 909 spectans,
653 835 718 914 per
741 835 870 912 quum
888 817 1069 910 cognoscit
1106 798 1109 805 ¹

90 942 144 990 res
162 921 200 990 in
208 921 366 1016 propriu
385 933 512 989 notura
523 943 592 1016 per
607 921 735 1016 species
753 919 985 1016 intelligibiles
1002 920 1070 992 lur-
1134 939 1138 948 '

89 1051 208 1100 monte
234 1029 346 1098 menti
364 1030 659 1124 proportionatae.
686 1027 733 1106 Et
750 1054 788 1098 re
807 1029 900 1100 enim
920 1056 998 1103 vera
1025 1057 1068 1102 eo
1113 1097 1116 1102 .

89 1131 187 1240 quod
211 1133 353 1205 scientie
378 1149 439 1206 aut
463 1161 527 1232 per
553 1160 601 1226 se,
626 1151 788 1234 respectu
814 1163 934 1208 rerum
951 1137 1071 1238 superss

88 1233 311 1336 naturalium,
337 1259 397 1316 aut
421 1269 486 1343 per
511 1242 669 1316 accidens
694 1245 830 1340 infusa,
855 1248 1066 1320 naturalium

88 1370 252 1456 respectu
277 1381 397 1428 rerum
423 1354 589 1428 divinitus
607 1365 756 1462 accepti
791 1303 911 1432 nituit
943 1385 1071 1458 cogno·

89 1466 325 1562 mendarum,
350 1467 395 1536 sit
419 1465 590 1566 perfectio
616 1467 747 1538 nullam
774 1469 955 1544 involvens
989 1499 1070 1544 con-

87 1521 336 1648 tradictionerir
348 1601 431 1648 cum
448 1593 541 1648 statu
559 1577 803 1678 redemptoris,
816 1607 935 1690 neque
962 1583 1067 1686 etium

85 1713 176 1759 cum
200 1687 343 1758 scientia
369 1687 519 1779 visionis,
544 1691 625 1788 quia
651 1715 706 1760 res
732 1715 873 1786 agnosci
863 1691 1040 1763 valent
1031 1721 1068 1767 m

83 1799 242 1868 essentia
267 1796 383 1871 divina
409 1799 507 1870 etin
533 1826 569 1871 se
595 1801 699 1900 ipsis:
728 1800 873 1872 concedi
904 1803 985 1874 hinc
1010 1803 1068 1872 illa

86 1907 198 1982 debet
223 1911 349 1980 animae
376 1911 518 2004 Christi,
534 1913 606 2009 qui,
627 1939 648 1982 u
668 1914 846 2008 principio
876 1912 1070 2008 perfectio,

82 2014 281 2116 perfectior
294 2043 366 2090 3333
383 2045 457 2091 non
476 2024 609 2118 potuit,
626 2021 675 2090 uit
693 2022 727 2092 S.
745 2022 938 2118 Gregorius
955 2022 1069 2092 Theo·

87 2123 209 2228 logusss
235 2142 271 2198 et
305 2143 400 2200 certe
427 2128 573 2202 concedi
598 2157 617 2200 a
642 2131 758 2228 primo
785 2129 971 2204 creationis
997 2155 1069 2200 3333
1127 2135 1130 2142 “

87 2243 285 2328 momento,
310 2236 593 2337 quandoquidem
619 2240 685 2340 ipsi
712 2237 827 2312 debita
853 2239 918 2310 suit
933 2241 1070 2326 ratione

88 2349 240 2442 unionis,
264 2347 400 2447 fuitque
425 2350 519 2422 nulla
545 2352 634 2423 ratio
665 2353 737 2452 ejus
763 2349 946 2422 differendi
971 2349 1070 2452 largi·

89 2456 235 2528 tionem.
251 2455 308 2528 Sic
325 2460 546 2530 communius
571 2474 693 2530 tenent
723 2459 858 2532 Scholae
885 2459 1069 2532 Doctores.

89 2568 270 2646 Caeterum
295 2569 356 2666 qui
382 2570 560 2642 Christum
587 2570 632 2642 ad
657 2573 825 2642 humanus
850 2571 978 2672 {literas
1011 2569 1070 2642 ad·

89 2673 273 2747 discendas
296 2670 538 2800 ludimagistro
564 2704 666 2747 usum
696 2703 769 2748 esse
795 2680 994 2767 finxerunt,
1020 2693 1069 2748 te-

88 2784 259 2856 stimonio
283 2786 510 2858 revincuntur
526 2785 762 2864 multitudinis
787 2783 990 2858 iudaeorum
1012 2783 1068 2856 ad·
1109 2851 1113 2855 ,.

90 2893 378 2990 stupescentium‚
403 2918 485 2965 cum
512 2891 654 2964 doceret
678 2893 714 2962 in
740 2891 874 2990 templo
895 2893 995 2962 Jesus
1013 2889 1069 2975 die

89 2999 182 3072 sesto
199 3004 427 3098 scenopegioe,
440 3028 480 3074 33
497 3018 595 3074 tento
607 3027 687 3101 prae
705 3017 847 3099 stupore
865 2997 1068 3073 dicentium:

89 3111 268 3210 quomodo
294 3111 355 3184 luc
390 3113 506 3186 literas
532 3117 623 3201 scit,
654 3137 740 3185 cum
774 3137 848 3184 non
878 3111 1070 3184 didicerit?

91 3219 163 3291 Sed
188 3247 266 3292 eam
284 3221 437 3294 fabulam
454 3221 596 3321 linquo:
622 3222 742 3296 credat
757 3217 907 3294 Judaeus
925 3220 1069 3318 Aperta,
1115 3279 1116 3282 3

90 3357 166 3404 nou
192 3355 266 3427 ego.
879 3403 881 3410 ,

140 3439 244 3522 Prob.
263 3442 312 3535 3⁰,
330 3442 444 3541 quoad
461 3446 638 3517 scientium
657 3447 871 3544 acquisitam3
890 3469 995 3543 quam
1018 3435 1070 3514 in-

91 3580 167 3651 3333
194 3555 345 3647 Christo,
370 3558 495 3656 probat
520 3560 709 3658 Angelicus
734 3562 934 3657 Praeceptor
955 3571 1018 3628 art.
1045 3557 1069 3647 4

90 3663 185 3735 hisce
211 3663 335 3762 verbis:
353 3666 462 3752 Hebr.
489 3667 510 3740 5
537 3668 678 3754 dicitur,
706 3697 723 3736 3
741 3669 832 3738 Cum
854 3681 945 3738 esset
961 3664 1069 3734 Filius

53 3773 159 3866 Dei
186 3771 308 3847 didicit
333 3803 376 3848 ex
402 3779 442 3848 iis
443 3804 549 3874 ‚quae
567 3804 687 3876 passus
705 3792 768 3866 est,
785 3774 1031 3864 obedientium,
1047 3800 1063 3840 3

94 3885 229 3971 Gloss,
257 3915 275 3954 3
292 3885 381 3958 idest
403 3904 567 3988 expertus
592 3905 662 3959 est:
681 3917 697 3956 3
744 3889 796 3960 uit
812 3911 893 3984 ergo
912 3888 949 3957 iu
970 3882 1067 3954 Clui-

147 4015 236 4064 rori
262 4020 294 4066 11
323 4021 404 4068 roc.
431 4023 447 4067 1
968 3991 1014 4062 13
