2942 4962
259 499 302 554 ne
319 497 426 547 cutru
445 497 574 546 cnursrr
591 499 634 546 rr
652 498 721 565 ss,
735 497 846 560 namo.
864 497 906 546 rr
923 501 971 546 ur.
1030 475 1107 548 tto·

128 581 262 683 digesta
279 581 374 682 apud
391 582 601 680 Angelicum
619 583 682 654 ista
700 581 866 658 adversus
883 607 1002 657 veram
1020 575 1106 657 Gru,

127 721 207 768 cem
232 708 447 791 argumenta.
472 693 612 768 Primo:
638 694 753 767 nuilus
769 695 849 795 pius
866 719 1063 793 amansque
1073 698 1108 769 fi.

126 803 193 878 lius
218 819 402 878 veneratur
427 805 676 877 contumeliam
701 807 810 905 patris
835 805 912 895 sui,
937 820 1022 905 puta
1047 803 1107 879 ssa·

126 917 270 1016 gellum,
295 941 366 1013 quo
391 941 500 988 caesus
525 931 602 1009 est,
626 917 682 991 vel
707 915 855 1017 patibuli
885 915 1020 1014 lignum
1033 917 1106 1009 ‚·in

8 1097 9 1112 ,
126 1053 198 1124 quo
223 1024 290 1098 fuit
314 1051 512 1125 suspensus.
539 1026 723 1100 Secundo:
751 1028 881 1100 Christi
907 1026 1107 1099 humanitas

126 1133 330 1206 adoratione
355 1132 464 1206 latriae
480 1135 682 1228 honoratur,
698 1136 735 1206 in
753 1150 923 1233 quantum
941 1150 994 1206 est
1011 1136 1109 1206 unita

128 1245 199 1318 filio
225 1245 291 1316 Dei
316 1245 352 1316 iu
378 1270 549 1344 persoua;
576 1245 671 1343 quod
697 1273 763 1320 nec
789 1245 832 1317 de
866 1272 957 1320 verae
984 1247 1108 1318 Crucis

127 1356 224 1453 ligno
249 1355 317 1429 dici
342 1371 468 1458 potest.
495 1358 636 1452 Regerit
661 1357 705 1428 ad
733 1360 746 1428 1
782 1359 948 1454 Aquinas,
974 1372 1039 1429 art.
1064 1358 1107 1426 42

127 1463 224 1562 quod
240 1465 278 1534 in
295 1465 420 1556 Cruce,
436 1481 608 1562 quantum
625 1463 669 1536 ad
686 1465 890 1564 opinionem
903 1462 1110 1554 infidelium,

127 1571 366 1646 consideratur
399 1574 632 1674 opprobrium
658 1575 811 1666 Christi3
838 1574 901 1646 sed
924 1587 1122 1672 'quantum

127 1683 172 1756 ad
196 1683 369 1757 'effectum
402 1701 531 1758 nostrae
566 1687 684 1760 salutis
719 1685 958 1760 consideratur
992 1683 1109 1757 divina
1142 1678 1145 1682 ’

127 1796 239 1868 virtus
265 1795 377 1866 crucis
402 1795 569 1895 ejusdem,
595 1825 663 1896 qua
690 1799 850 1870 Christus
879 1796 959 1869 vicit
988 1795 1107 1868 trium·

129 1904 321 2002 pharitque
341 1907 563 2002 principatus
588 1924 622 1980 et
640 1921 829 2005 potestates
847 1907 886 1976 iu
903 1906 1107 1998 semetipso:

130 2030 168 2088 et
191 2015 275 2086 hinc
298 2039 424 2113 magua
451 2015 650 2115 disparitate
676 2014 787 2088 fidelis
813 2013 934 2087 adorat
951 2013 988 2082 in
1005 2035 1109 2084 cruce

129 2125 388 2200 monimentum
413 2123 755 2226 instrumentumque
782 2125 1018 2201 voluntarium
1035 2147 1107 2194 suae

130 2231 343 2305 liberationis
368 2250 406 2306 et
430 2235 522 2329 fidei,
540 2236 625 2308 dum
642 2238 678 2308 iu
696 2235 938 2330 instrumentis
954 2247 1110 2333 pateruae

130 2369 247 2443 poenre
263 2344 373 2416 filium
399 2346 509 2446 pudet
534 2349 587 2419 sui
600 2347 719 2447 ipsius
745 2363 781 2418 et
797 2347 906 2448 patris
921 2343 1112 2414 infamiam.

130 2454 190 2526 Ad
218 2458 238 2526 2
266 2455 324 2547 ait,
350 2456 445 2553 quod
471 2483 558 2530 crux
584 2457 724 2548 Christi,
747 2455 830 2529 licet
855 2479 928 2527 non
953 2451 1058 2523 suerit
1075 2478 1112 2519 u·

129 2565 202 2638 uita
227 2565 345 2638 Verbo
370 2568 436 2637 Dei
462 2568 498 2638 in
524 2593 683 2666 persona,
700 2566 766 2652 suit
781 2582 901 2636 umen
922 2559 1019 2634 unita
1044 2559 1111 2631 aiio

131 2672 251 2764 morlo,
267 2674 399 2746 scilicet
412 2701 475 2775 per
487 2676 834 2776 repraesentationem
846 2690 883 2744 et
895 2685 1109 2759 contactum3

131 2813 202 2882 qua
227 2785 291 2854 sub
318 2788 450 2858 ratione
476 2788 510 2858 ei
535 2789 728 2862 reverentia
754 2813 773 2856 a
799 2781 960 2856 fidelibus
977 2778 1112 2856 exhibe·

132 2912 201 2988 tur,
226 2913 416 2996 utcumque
450 2899 486 2969 hi
511 2899 597 2971 olim
631 2898 674 2969 ab
700 2895 897 2970 infidelibus
922 2893 1111 2967 cntcicoloe

132 3023 351 3080 vocarentur.
376 3007 499 3108 Adjice
524 3008 615 3100 ideo,
641 3008 726 3080 salso
750 3005 908 3106 supponi
933 3002 971 3075 id
996 3000 1111 3074 solum

133 3145 236 3219 posse
261 3118 396 3191 adorari
421 3119 539 3207 Ιαυία,
557 3118 651 3217 quod
666 3117 784 3191 Verbo
802 3116 1019 3290 hypostatice
1041 3112 1112 3184 fue·
1126 3206 1127 3210 Ἰ

134 3232 182 3302 rit
207 3231 357 3303 unitum.

183 3343 383 3442 Insuper
358 3368 406 3414 sic
431 3341 587 3440 urgendo
616 3339 810 3442 pugnabis:
838 3365 925 3438 ergo
948 3287 1043 3410 iliius
1065 3361 1112 3407 ra·

134 3452 231 3522 tione
257 3467 437 3524 contactus
461 3450 552 3522 labia
578 3452 679 3524 Judae
706 3464 822 3523 essent
846 3448 1039 3520 latreuticc
1058 3443 1113 3515 ad·

134 3561 288 3654 oranda3
314 3563 398 3660 quin
423 3562 625 3659 ct‚1(velut
650 3561 774 3634 asellus
800 3558 937 3651 fabulae,
955 3559 1036 3656 quia
1062 3582 1114 3628 re·

133 3673 322 3770 iiquiarum
347 3689 478 3766 vector,
503 3673 583 3745 ideo
601 3700 637 3745 se
655 3671 868 3744 adorandum
896 3671 1027 3766 ratus),
1050 3669 1114 3738 asi·

135 3813 203 3858 nus
228 3787 334 3858 etiarn
360 3786 450 3859 foret
477 3785 685 3878 adorandus,
706 3811 777 3884 quo
802 3799 924 3859 vectus
941 3799 994 3854 est
1019 3780 1114 3852 Chri·

134 3914 220 3970 stus.
245 3897 461 4002 Repudiatur
477 3901 554 3972 haec
570 3896 715 3971 ridicula
733 3897 944 3982 consecutio.
961 3893 1049 3966 Nam
1068 3887 1113 3964 ad
