2908 4962
322 516 395 590 110
465 531 471 542 ’
568 537 631 584 ιιι.
656 535 693 582 ιν
716 527 885 582 secarctur,
909 532 935 582 rr
961 533 989 583 o.
1016 537 1040 582 u
1149 523 1152 530 '

322 627 361 696 1ο
386 649 458 696 non
482 636 601 722 potest
626 618 764 690 admitti
793 621 921 690 entitas
957 620 1091 689 uniens·
1112 619 1315 690 humanam'·
1365 637 1371 651 ·
1442 633 1443 646 ’

319 752 481 807 naturam
508 759 589 805 cum
614 730 731 804 Verbo
758 730 886 822 (livino,
913 732 998 828 quin
1023 731 1060 801 in
1085 729 1134 801 eis
1159 731 1303 830 recipiass

322 863 397 918 tur:
425 844 487 917 sed
511 843 669 915 Verbum
695 844 818 940 nequit
843 843 997 941 recipere
1027 842 1208 913 entitatem
1243 840 1302 912 ali·

323 981 439 1056 quam,
464 979 531 1050 qua
557 951 724 1023 afficiatur
748 951 951 1022 intrinsece:
978 975 1062 1049 ergo
1078 949 1136 1020 illa
1163 947 1302 1020 admitti

321 1090 395 1136 non
420 1061 534 1133 dehet
561 1059 713 1131 Aliunde
740 1060 857 1150 etiarn,
882 1059 910 1129 si
936 1084 955 1129 e
981 1055 1117 1130 duobus
1134 1053 1228 1127 aliud
1244 1057 1305 1127 ha·

321 1169 403 1242 beat
418 1171 589 1242 rationem
599 1171 781 1266 potentio,
794 1165 887 1238 aliud
900 1184 1018 1238 autem
1035 1181 1150 1252 actus,
1163 1164 1216 1234 uti
1228 1188 1305 1235 cor·

321 1307 389 1382 pus
413 1297 450 1352 et
474 1283 600 1372 anima,
626 1297 729 1376 atque
753 1281 802 1350 ita
832 1280 1031 1351 humanitas
1064 1293 1101 1350 et
1133 1275 1304 1363 Verbum3

323 1413 397 1462 non
423 1405 529 1490 egent
554 1387 778 1488 superaddito
804 1414 906 1479 nexu,
932 1414 1002 1486 quo
1019 1386 1222 1484 religentur,
1239 1384 1308 1457 secl

323 1527 389 1601 per
414 1527 450 1573 se
476 1501 678 1573 immediate
704 1501 882 1572 uniuntur.
901 1503 939 1573 2⁰
964 1501 1001 1570 in
1027 1524 1073 1571 eo
1085 1499 1204 1597 potius
1221 1521 1317 1568 con-¹

322 1612 414 1684 sistit
438 1612 665 1684 essentialiter
691 1613 774 1684 unio
804 1614 1045 1712 hypostatica,
1080 1635 1151 1708 quo
1186 1609 1303 1708 posito

322 1720 438 1793 omnia
464 1721 714 1792 lucarnationis
739 1722 906 1819 mysteria
932 1720 1069 1818 concipi
1103 1733 1139 1789 et
1174 1718 1320 1816 exponi*

322 1846 485 1929 queunte
500 1834 613 1931 posita
644 1831 726 1906 vei'o
756 1833 1073 1904 communicatione
1104 1830 1213 1902 divini
1237 1831 1301 1900 Es·

323 1967 360 2013 se
386 1968 405 2014 a
431 1943 549 2015 Verbo
574 1941 663 2014 lacta
688 1945 906 2033 humanitati,
932 1943 1071 2041 concipi
1102 1956 1138 2011 et
1172 1941 1302 2040 exponi

323 2079 364 2123 ea
388 2053 514 2127 valent
533 2053 601 2125 Sed
618 2057 694 2126 haec
712 2057 793 2126 satis
819 2054 862 2125 de
888 2055 1027 2126 unionis
1045 2068 1179 2142 natura,
1197 2077 1303 2151 quam

300 2160 434 2232 xnubes
453 2177 496 2232 et
520 2163 635 2234 arcani
669 2163 779 2261 caligo
814 2163 1054 2250 circumsistit3
1086 2159 1180 2258 quod
1209 2157 1315 2230 haud*

322 2271 443 2362 miror,
468 2298 551 2344 cum
576 2300 621 2344 ne
646 2277 721 2373 ipsa
748 2275 891 2373 quidem
916 2274 1081 2346 naturalis
1106 2273 1190 2344 hni'o
1208 2271 1305 2371 spiri·

324 2376 430 2461 tualis
453 2381 577 2452 animae
605 2408 686 2454 cum
713 2409 860 2485 corpore
886 2383 1057 2455 materiali
1086 2379 1221 2478 liquido
1250 2381 1306 2449 ha

325 2499 448 2558 ctenus
474 2488 637 2588 explicari
663 2494 828 2591 potuerit.

379 2589 437 2679 dil
448 2593 683 2699 Proprietates
697 2603 793 2701 quod
806 2604 931 2675 attinet
944 2601 1101 2703 ejusdem
1113 2597 1307 2700 hypostati-

323 2733 374 2780 cae
388 2709 534 2804 unionis,
546 2716 760 2788 conveniunt
776 2715 946 2813 Theologi
960 2699 1097 2804 omnes,
1107 2713 1154 2783 ait
1170 2713 1306 2797 Bertus,

323 2814 417 2888 illam
435 2819 508 2891 esse
526 2821 797 2917 substantialem,
813 2824 1019 2916 naturalem,
1040 2823 1240 2910 maximam,
1256 2817 1307 2886 in·

325 2926 570 3003 dissolubilem.
598 2933 874 3006 Substantiolem
906 2959 979 3005 esse
992 2990 1002 3025 ,
1028 2948 1199 3030 quatenus
1228 2925 1307 2996 duae

323 3033 536 3131 substantie,
550 3039 664 3118 divina
682 3059 719 3114 et
735 3045 898 3134 humana,
909 3069 982 3115 non
996 3065 1135 3112 merum
1147 3040 1246 3140 juxta
1264 3031 1309 3104 af·

305 3149 458 3238 ,sectum
482 3153 695 3227 moralemve
720 3171 931 3252 respectum,
957 3151 1018 3224 sed
1043 3151 1187 3250 physice
1203 3148 1241 3217 in
1259 3170 1317 3216 eta-¹

325 3254 407 3327 dem
432 3261 612 3358 hypostasi
636 3263 841 3333 consociatae
867 3263 1066 3361 persistunt,
1085 3285 1128 3330 ex
1148 3257 1191 3327 iis
1207 3259 1308 3344 nitet,

325 3393 404 3462 quae
430 3367 680 3469 disputavimus
701 3389 826 3444 contra
852 3374 1061 3446 Nestorium.
1092 3365 1309 3442 Naturatem

324 3501 408 3547 vero
435 3479 618 3550 asserimus
644 3497 679 3552 et
706 3497 827 3552 contra
854 3480 1029 3573 eumdem,
1056 3494 1228 3578 quatenus
1248 3501 1307 3545 na·

325 3599 414 3675 tura,
438 3612 510 3658 non
538 3607 656 3660 autem
681 3616 830 3688 persona
856 3590 1008 3661 hominis
1035 3601 1212 3684 assumpta
1229 3583 1305 3673 luit3

325 3712 361 3766 et
378 3695 540 3772 adversus
557 3704 803 3800 Eutychetem,
816 3703 895 3798 quia
913 3700 991 3774 duae
1008 3716 1142 3770 naturae
1154 3699 1191 3766 in
1210 3695 1307 3766 Chri·

325 3823 379 3879 sto
406 3808 589 3906 distinctae,
614 3815 782 3912 integrae,
815 3814 1050 3912 impermixtae
1078 3821 1306 3880 manserunt:

326 3917 396 3991 sire
422 3922 615 3996 naturalem
641 3923 817 4010 dicimus,
843 3920 1006 4021 eoquod
1039 3920 1122 3991 unio
1146 3916 1202 3987 illa
1235 3921 1318 4010 nou'*¹
