2942 4962
409 502 483 578 190
661 521 722 569 ιιι.
748 519 783 567 rv
806 513 975 564 srcrrorus
1001 516 1023 563 v
1049 513 1078 562 c.
1103 515 1130 562 ιι

401 615 494 716 jecta
531 609 726 714 pertineat,
764 627 914 702 quorum
938 601 1073 673 notitiae
1098 623 1199 671 mens
1227 601 1386 676 humana

406 723 535 798 Christi
560 745 669 822 capax
692 731 776 788 erat.
802 714 962 809 Cumque
988 708 1132 784 celebris
1153 710 1200 782 sit
1214 711 1387 786 humanae

405 835 560 908 scientiae
585 829 714 906 Christi
737 825 872 915 divisio,
894 824 935 896 in
958 821 1176 912 beatificam,
1199 821 1382 917 infusam,

405 941 635 1041 adquisitam
660 934 828 1026 intererit,
853 930 896 1003 de
920 931 961 1002 iis
985 931 1023 1002 in
1048 931 1156 1030 priori
1181 932 1271 1004 thesi
1296 959 1383 1033 pro-

405 1051 497 1124 ferre
522 1048 739 1123 sententiam.

414 1207 418 1214 ·
456 1160 510 1232 De
526 1155 652 1232 Christi
669 1177 764 1225 nunc
781 1154 961 1232 sanctitate
978 1152 1084 1224 etiam
1100 1150 1267 1225 nonnulla
1292 1178 1385 1254 prae-

406 1281 550 1341 vertam.
575 1261 764 1354 Eumdem,
788 1277 895 1362 prout
918 1261 1012 1332 Deus
1038 1277 1105 1353 est,
1121 1275 1281 1332 sanctum
1306 1287 1387 1334 esse

405 1401 471 1478 per
487 1375 708 1447 sanctitatem
725 1371 954 1463 essentialem,
970 1370 1104 1469 sibique
1120 1369 1385 1464 identificatam,

405 1489 480 1586 jam
503 1484 624 1584 liquet.
648 1483 782 1560 Verum
808 1497 844 1554 et
867 1483 976 1582 ipsius
1000 1481 1195 1554 humanitas
1211 1481 1258 1554 ob
1274 1486 1381 1578 grati·

405 1621 469 1670 am
493 1594 632 1669 unionis
656 1591 700 1664 ad
714 1591 873 1666 Verbum
890 1607 1007 1665 sancta
1024 1606 1078 1663 est
1094 1591 1275 1664 sanctitate
1300 1590 1385 1662 sub-

409 1705 582 1798 stantiali3
607 1719 724 1778 creata
750 1703 892 1802 quidem
918 1718 953 1774 et
978 1701 1171 1804 temporali,
1188 1727 1266 1774 eam
1283 1702 1312 1773 si
1329 1727 1387 1774 su-

407 1840 486 1888 mas
501 1838 567 1914 pro
582 1815 658 1912 ipsa
675 1813 802 1884 unione
819 1812 1046 1912 hypostatica
1062 1827 1308 1892 verumtamen·
1330 1814 1387 1883 in·

408 1937 528 1996 creata
552 1922 590 1994 in
614 1946 715 1992 sensu
732 1935 903 2012 senoreto,
920 1934 1090 2017 quatenus
1106 1918 1237 1991 scilicet
1253 1919 1385 1991 increa-

408 2045 445 2102 ta
472 2045 508 2100 ct
533 2027 765 2100 substantialis
798 2027 991 2100 sanctitudo
1023 2026 1132 2100 Verbi
1161 2027 1385 2128 hypostatice

407 2140 529 2212 unitur
554 2139 772 2229 humanitati,
797 2164 837 2211 ac
853 2139 1029 2212 moraliter
1046 2138 1083 2208 in
1100 2163 1176 2209 eam
1195 2137 1385 2228 derivatur,

406 2251 494 2346 quin
518 2250 633 2350 ipsam
648 2250 788 2350 proprie
804 2249 970 2321 informet
985 2248 1041 2322 vel
1057 2249 1122 2348 ipsi
1139 2247 1383 2321 identificatur.

406 2359 558 2431 Inhoeret
583 2375 701 2430 autem
726 2359 917 2432 formaliter
933 2361 1059 2434 animae
1075 2363 1247 2454 humanae,
1265 2376 1317 2432 est
1333 2363 1385 2431 ni·

407 2468 539 2542 mirum
565 2468 705 2540 Christo
729 2470 865 2541 homiui
889 2470 1033 2570 physice
1057 2470 1254 2563 intrinseca,
1272 2470 1384 2568 gratia

407 2593 445 2650 et
469 2579 632 2651 sanctitas
656 2579 840 2654 habitualis
874 2580 1072 2674 adventitia,
1096 2597 1303 2674 venustans,
1327 2607 1384 2653 ex·

408 2686 520 2786 plens,
544 2689 727 2789 perficiens
752 2691 904 2763 animam
928 2690 1036 2765 modo
1052 2692 1163 2790 magis
1179 2707 1384 2764 connatura-

409 2795 435 2870 li
459 2795 498 2869 in
522 2796 644 2870 ordine
670 2798 720 2871 ad'
739 2789 891 2874 actiones
912 2796 1207 2902 supernaturales:
1234 2800 1278 2874 ad
1295 2827 1382 2899 quas

410 2923 490 2980 actu
516 2907 725 2980 exercendas
751 2911 897 3009 gratiam
920 2910 1041 2983 habuit
1065 2909 1234 2983 actualem
1261 2911 1383 3007 utique

410 3031 668 3114 cooperantem,
692 3018 733 3089 iis
758 3019 831 3090 sine
856 3021 986 3113 naevis,
1011 3044 1098 3117 quos
1121 3020 1157 3090 in
1182 3017 1282 3090 nobis
1306 3043 1384 3116 sup·

410 3125 522 3222 ponit;
547 3151 620 3198 non
644 3152 728 3201 vero
752 3127 903 3226 indiguit
926 3131 1108 3220 excitante,
1133 3153 1214 3200 cum
1244 3151 1384 3226 semper

411 3229 456 3300 ad
481 3234 614 3331 optima
639 3261 787 3332 quaeque
812 3238 897 3334 vigil
923 3254 1014 3308 esset
1037 3253 1075 3308 et
1095 3251 1253 3325 erectuS,
1277 3235 1384 3307 nulla·

410 3363 479 3434 que
504 3338 704 3412 difficultate
728 3341 935 3414 retardatus*
955 3343 1072 3441 Atque
1092 3345 1130 3414 in
1154 3344 1222 3413 hoc
1238 3342 1384 3416 interim

411 3447 573 3544 generico
598 3445 734 3522 adserto
760 3453 983 3524 consentiunt
1008 3454 1156 3528 universi
1186 3450 1383 3544 Catholici,

411 3554 508 3653 quod
525 3557 681 3628 Christus
694 3559 886 3632 secundum
903 3563 1154 3632 humanitatem
1171 3560 1276 3632 lue'rit
1293 3586 1383 3632 sum-

411 3693 470 3740 me
496 3683 634 3740 sanctus
658 3670 803 3771 Deoque
828 3689 1012 3773 acceptus3
1039 3698 1145 3770 quam
1169 3672 1251 3745 fidei
1277 3696 1382 3742 asser-

413 3777 545 3852 tionem
572 3777 682 3854 ubivis
708 3807 812 3855 sacrae
838 3784 972 3880 paginae
999 3782 1172 3855 evincunt.

460 3888 652 3968 illiusmodi
679 3895 831 3991 gratiam,
850 3919 890 3964 ac
915 3895 1132 3966 sanctitatem
1157 3891 1381 3985 habitualem,
