2908 4962
111 503 115 510 ’
181 519 238 572 ’Ἀ
274 525 318 576 us
335 523 613 574 mensurarum
631 482 883 572 musrsrucmu.
1025 491 1079 576 ¹89

101 671 104 676 .
151 585 270 708 llNc
286 610 589 711 consequentiam:
615 622 691 682 tum
718 607 799 706 quia
817 607 994 708 diligendo
1013 611 1082 687 De.-

101 747 166 796 nm
190 721 272 796 lacit
295 724 415 814 homo,
433 720 529 821 quod
545 719 683 794 aliunde
702 717 820 814 debet,
846 720 1011 820 quodque
1024 723 1083 802 iar.

97 859 179 906 cere
206 851 356 927 tenetur,
381 835 517 906 etiamsi
542 859 613 906 non
627 848 827 934 peccasset
863 858 903 906 ac
928 835 1084 934 insuper,

99 945 199 1046 quod
224 948 272 1020 ita
298 961 451 1047 praestat,
476 971 559 1018 non¹
573 970 625 1018 cx
646 947 797 1044 propriis
831 943 869 1015 id
895 943 997 1036 lacit,
1022 945 1086 1018 sed

99 1084 147 1136 cx
173 1061 284 1158 gratia
309 1074 459 1148 tantum,
484 1083 564 1156 quae
589 1058 748 1156 gratuita»
766 1071 829 1148 est,
858 1071 893 1128 et
918 1057 959 1126 in·
981 1075 1085 1131 suum

102 1184 288 1260 auctorem
310 1169 426 1242 Deum
450 1168 578 1240 referri
599 1165 722 1240 debet:
740 1183 818 1239 tum
836 1168 917 1266 quia
935 1167 1086 1240 caritatis

99 1294 210 1372 actus,
235 1305 299 1378 per
323 1281 431 1377 ‘quem
456 1265 570 1377 purus¹
592 1304 629 1350 se
655 1279 763 1350 homo
788 1275 864 1350 litat
899 1294 936 1348 et
966 1303 1088 1350 conse-

102 1404 190 1482 crat,
214 1388 297 1461 licet
330 1391 406 1464 Deo
431 1417 508 1462 rem
533 1390 694 1462 restituat
719 1387 892 1482 ablatam,
925 1391 1092 1488 injuriam

100 1525 175 1572 nen
200 1517 407 1602 compensat
430 1502 629 1600 irrogatam3
648 1527 727 1598 quae
745 1501 902 1602 perinde,
927 1503 979 1572 nti
996 1502 1090 1602 ipsa·

100 1625 178 1682 met
201 1611 341 1684 infinita
363 1626 415 1684 est
440 1611 612 1684 summive
638 1609 762 1682 saltem
787 1610 928 1701 ordinm,
958 1609 1085 1682 satissa-

103 1720 260 1790 ctionem
288 1735 324 1790 et
348 1719 621 1792 satisfacientem
660 1719 838 1818 dignitatis
866 1719 1010 1793 infinitoe
1035 1744 1092 1791 or·

103 1826 266 1926 diuisque
291 1829 446 1928 supremi
471 1829 627 1928 requirit,
653 1843 693 1899 ut
710 1827 884 1926 condigne
899 1843 1091 1927 reparetur.

101 1937 159 2015 lta
184 1937 213 2010 si
238 1941 315 2036 quis
349 1938 484 2012 iuretur
517 1939 620 2012 alicui
653 1933 876 2030 crumenam,
906 1935 1088 2008 nonsatis

103 2045 184 2138 erit,
208 2047 236 2118 si
262 2072 340 2118 eam
365 2050 536 2141 restituat,
561 2065 598 2120 et
614 2049 739 2122 sarciat
756 2046 935 2137 damnum;
954 2042 1016 2116 sed
1041 2041 1088 2114 fa·
1170 2055 1176 2070 “

93 2169 162 2227 cta
188 2153 396 2230 offendentis
422 2159 612 2257 offensique
638 2159 912 2259 comparatione,
930 2147 1090 2256 capitalis

103 2265 271 2340 numellae
299 2268 430 2370 probro
457 2298 518 2344 seu
536 2269 721 2372 compede,
746 2270 829 2343 loris
857 2283 919 2341 aut
953 2266 1092 2346 triremi

106 2373 269 2448 debitum
283 2381 508 2454 contumeliae
524 2381 713 2482 persolvet.
731 2377 991 2452 Contumeliam
1008 2400 1093 2450 vero

106 2485 267 2576 Creatori
292 2513 355 2560 suo
373 2515 393 2561 a
410 2507 567 2564 creatura
585 2493 775 2590 irrogatam
801 2488 980 2586 quodnam
1013 2511 1093 2596 pro·

39 2607 40 2612 ’
104 2598 205 2698 prise,
231 2625 310 2696 quae
336 2616 410 2674 tam
435 2604 503 2676 alte
538 2618 707 2702 assurgat,
730 2599 969 2674 satisfactionis
1003 2621 1095 2696 opus

106 2709 285 2810 expiabit?
304 2712 440 2787 Reddet
456 2742 539 2814 ergo
553 2718 701 2788 caritate·
714 2731 775 2786 aut
791 2711 1093 2809 contritione'per·

107 2819 201 2920 fecta
227 2823 460 2916 tantumdem,
486 2840 657 2922 quantum
681 2823 802 2895 lethali
832 2821 960 2893 delicto
987 2833 1095 2890 sustu·

105 2931 375 3032 litteratusque
402 2951 454 3007 est
478 2933 575 3011 valor
599 2936 704 3027 illius,
730 2949 880 3033 quantus
909 2933 1009 3004 istius
1039 2945 1094 3001 est

107 3044 346 3145 demeritum,
375 3064 507 3122 attenta
542 3051 592 3122 rei
625 3037 866 3146 magnitudine
901 3062 937 3116 et
970 3045 1094 3144 injuria

105 3153 203 3246 reali,
215 3171 320 3253 atque
332 3158 369 3227 in
385 3160 519 3230 ratione
538 3175 635 3232 actus
652 3157 834 3249 meritorii,
856 3151 1092 3244 concedimu53

107 3281 267 3364 spectata
291 3268 357 3339 Dei
383 3268 598 3340 maximitate
625 3283 661 3340 et
686 3265 808 3366 injuria
834 3258 1018 3363 personali,
1032 3285 1094 3329 seu
1136 3329 1138 3336 ,

106 3374 308 3448 iuratione
335 3369 449 3476 operis
475 3375 704 3467 satisfactorii,
729 3399 908 3475 negamus.

160 3481 340 3583 Objiciunt
367 3489 399 3558 2.
426 3486 646 3559 Contritione
671 3484 825 3586 perfecta
851 3483 1093 3555 remissionem

105 3608 336 3692 peccatorum
354 3612 391 3668 et
406 3612 572 3669 aeternam
589 3599 696 3670 vitam
711 3595 806 3670 velut
818 3617 984 3666 coronam
997 3589 1093 3690 justi·

106 3709 170 3781 tiae
195 3717 456 3808 promeremur:
484 3736 568 3806 ergo
594 3725 631 3780 et
656 3708 699 3780 de
726 3723 870 3810 peccato
897 3702 1093 3777 satisfacere

108 3845 307 3921 possumus.
332 3797 375 3918 ld.
402 3821 489 3892 Dist.
519 3817 744 3890 antecedens:
772 3815 982 3904 contritione
1016 3834 1092 3908 pro·

108 3946 293 4001 meremur
318 3928 559 4002 remissionem
584 3927 729 4029 peccati,
754 3925 797 3999 de
822 3943 996 4019 congruo,
1013 3943 1093 3989 con·
1128 4029 1132 4036 ¹
