2908 4962
359 477 431 551 tto
613 498 676 546 ιιι.
700 497 736 548 rr
761 495 931 545 sacnoms
955 497 993 545 ιιι
1018 497 1048 545 e.
1072 499 1096 544 ιι

354 615 400 661 ex
425 586 607 660 communi
620 575 803 658 ,sententia
838 582 1126 682 Theologorum,
1150 581 1274 656 saltem
1299 599 1348 655 ut

356 698 567 770 terminatur
590 695 643 768 ad-
661 695 788 785 Deum
811 691 904 766 idest
928 692 974 766 ad
999 719 1178 765 summum
1202 691 1344 766 bonum

353 806 514 880 intuitive
533 805 745 902 cognitum,
770 803 837 874 etsi
862 827 928 902 per
951 801 1052 873 illum
1080 801 1343 902 promeruerit,

353 933 528 1016 quatenus
553 916 666 990 tendit
690 915 736 989 ad
761 915 957 987 creaturas:
984 911 1047 986 sed
1083 914 1237 1004 meruit,
1265 937 1343 984 uno

353 1024 475 1117 verbo,
499 1051 565 1127 per
589 1051 713 1098 omnes
738 1038 837 1096 actus
861 1023 991 1096 liberos
1016 1047 1088 1095 soae
1105 1020 1344 1094 humanitatis.

353 1135 404 1215 Et
428 1135 575 1234 quidem
600 1163 620 1208 a
645 1137 762 1237 primo
788 1135 918 1211 memit
946 1134 1090 1206 instanti
1117 1159 1190 1205 sure
1214 1157 1346 1204 conce·

353 1248 509 1348 ptionis,
534 1246 630 1345 quod
657 1264 755 1320 tenet
779 1250 823 1320 D.
848 1247 1004 1319 Thomas
1029 1259 1066 1316 et
1099 1243 1341 1316 communisse

353 1379 411 1428 ma
436 1354 584 1428 aliorum
609 1372 731 1429 contra
756 1381 899 1458 paucos,
924 1379 1035 1454 nsque
1060 1352 1106 1424 ad
1131 1377 1205 1424 suae
1231 1366 1343 1422 extre·

354 1491 455 1538 mum
479 1468 572 1558 vitae3
598 1493 671 1540 non
695 1495 781 1542 vero
806 1468 950 1558 diutius,
976 1467 1067 1538 ultra
1092 1479 1272 1555 mortem,
1298 1460 1343 1532 de

263 1561 270 1580 ’
354 1601 425 1672 quo
450 1579 557 1650 nemo
583 1604 684 1668 unus,
708 1577 835 1675 inquit·
850 1577 1040 1664 Suaresius,
1056 1570 1265 1644 addubitare
1285 1595 1343 1669 po-

355 1703 425 1758 test
449 1688 523 1760 siue
549 1689 756 1760 temeritate.
774 1688 792 1725 *
1337 1695 1340 1700 '

404 1800 515 1872 Hisce
535 1797 738 1898 persolutis,
751 1799 795 1871 ad
821 1796 1033 1871 enodandas.
1046 1795 1219 1896 implexas
1235 1793 1342 1864 maxi·

354 1934 412 1982 me
438 1905 671 1998 difficultates,
696 1935 776 2006 quae
793 1925 915 1981 contra
933 1907 1064 1979 Christi
1080 1905 1280 1977 libertatem
1297 1929 1342 1975 ex

319 2003 325 2098 ,⁵
354 2020 463 2120 ipsius
488 2019 780 2119 impeccabilitate
807 2035 843 2091 et
867 2018 1028 2092 beatifica
1057 2018 1191 2092 visione
1221 2030 1344 2114 petun

355 2147 423 2221 tur,
448 2147 617 2227 quantum
644 2149 709 2231 per
734 2147 874 2230 tempus
898 2131 992 2222 licet,
1017 2127 1214 2229 aggredior.

356 2271 359 2278 Δ
403 2240 607 2335 Arguituri
636 2239 780 2313 adersus
808 2243 868 2310 1¹¹¹
901 2256 1040 2342 partem
1073 2237 1340 2338 Propositionis.

355 2345 516 2418 Christus
540 2362 664 2448 utpote
690 2349 927 2448 impeccabilis
951 2375 1024 2423 non
1048 2363 1189 2450 poterat
1214 2345 1344 2446 eligere

357 2452 513 2524 malum:
540 2481 624 2554 ergo
650 2457 789 2528 carebat
816 2456 1063 2532 indifferentiae
1095 2455 1269 2528 libertate.
1293 2427 1340 2546 li.

354 2565 444 2637 Dist
470 2591 697 2666 consequens:
722 2567 864 2641 carebat
887 2569 1130 2642 indifferentiae
1156 2567 1340 2654 libertate,

355 2704 434 2776 quae
459 2680 504 2751 sit
529 2681 805 2774 contrarietatis,
834 2681 991 2755 concedo
1025 2679 1341 2777 consequentiam

396 3000 404 3016 ⁶
420 3000 559 3052 promeruit
575 3011 659 3054 antem
675 3002 721 3053 sibi
738 3003 839 3071 gloriam
857 3005 965 3071 eorporis
982 3010 1009 3052 et
1025 3003 1131 3052 nomilia
1147 2999 1340 3062 exaltationem,

355 3091 426 3142 nobis
442 3109 501 3144 vero
517 3097 583 3146 dona
599 3098 680 3163 gratia
696 3104 723 3146 et
739 3096 834 3163 gloria
852 3104 926 3164 atque
943 3095 995 3146 bec
1012 3095 1043 3144 de
1060 3093 1111 3145 lide
1122 3100 1252 3144 constant:
1266 3109 1295 3141 ac
1306 3093 1344 3142 iu-

354 3203 428 3254 super
444 3192 533 3238 mactis
550 3188 647 3256 Angelis
663 3189 763 3256 gloriam
779 3189 969 3254 accidentalem,
986 3190 1111 3257 quoddam
1127 3168 1244 3256 gentlinio
1261 3187 1345 3248 videli-

355 3285 394 3326 cet
410 3275 580 3329 adventitium
589 3279 668 3346 glorie
685 3281 816 3345 essentiali,
827 3299 902 3348 quam
914 3299 970 3331 cum
984 3283 1059 3348 gratia
1071 3280 1239 3332 sanctificante
1256 3297 1288 3330 ex
1299 3279 1344 3329 be-

354 3367 443 3421 neficio
460 3371 582 3421 Creatoris
598 3371 767 3421 obtinuerunt.
779 3373 835 3424 Non
846 3375 906 3422 item
918 3373 1031 3424 Christus
1042 3372 1089 3422 sibi
1105 3376 1152 3442 ipsi
1169 3375 1261 3423 meruit
1277 3371 1347 3421 babi-

356 3461 447 3512 tualem
464 3466 573 3528 gratiam,
590 3466 693 3513 virtutes
710 3465 819 3529 inlusus,
836 3468 909 3532 alque
926 3469 1012 3516 animae
1029 3465 1145 3533 gloriam,
1163 3465 1299 3516 bresetum
1316 3467 1344 3514 in

355 3557 455 3608 Christo
472 3559 529 3608 lesu
547 3574 598 3607 non
614 3557 708 3608 cadunt
723 3557 770 3608 sub
788 3561 891 3622 merito,
908 3576 966 3610 cum
981 3561 1172 3610 connaturaliter
1189 3559 1221 3608 ab
1247 3561 1341 3610 unione

355 3647 508 3724 hypostatica
516 3650 657 3716 procedant.
674 3650 695 3698 E
712 3659 797 3700 contra
813 3650 912 3716 gloriam
929 3655 1045 3720 corporis,
1056 3653 1280 3721 exaltationemque
1297 3667 1342 3700 no-

355 3744 436 3805 minis,
453 3745 547 3792 etiamsi
564 3751 634 3792 emnt
652 3740 750 3793 Cbn‘sto
767 3742 855 3794 debitae
872 3746 967 3794 ratione
984 3747 1081 3794 ustionis
1098 3745 1267 3813 hypostaticae,
1285 3760 1345 3802 eum

354 3844 437 3887 umen
453 3839 481 3888 iis
498 3835 627 3905 aliquando
644 3839 755 3900 cartrerit,
773 3835 808 3886 nil
825 3835 904 3900 obest,
921 3840 996 3887 immo
1013 3836 1119 3888 nobilius
1133 3837 1205 3905 juxta
1223 3837 1255 3887 D.
1273 3831 1342 3888 Tho·

356 3941 429 3994 num,
447 3929 513 3997 quod
530 3926 602 3978 titulo
618 3921 692 3978 etiam
710 3929 788 3978 meriti
802 3930 927 3995 receperit.
