2908 4962
378 483 451 555 148
496 563 498 568 ,
633 506 694 553 ιιι.
720 507 755 553 rv
781 507 949 554 srcrronrs
975 509 1011 556 ιιι
1037 510 1066 556 c.
1092 511 1116 558 ιι

372 591 529 684 11ιιι1ιιιιι,
556 615 713 690 sonoque
739 581 833 665 vocis
859 591 933 664 solo
961 594 1361 670 mortuos.suscitans.t

413 783 527 851 PROP.
544 783 596 850 lll.
614 783 759 852 Cbristus
783 751 939 852 Ilouaiuus
964 787 997 852 in
1013 787 1194 856 actionibus
1214 791 1281 856 suis
1296 811 1355 857 ex-

366 887 512 960 ercendis
547 898 580 954 et
615 888 649 954 in
675 889 742 974 ipsa
766 900 869 954 morte
893 889 1062 956 subeunda
1089 891 1150 972 luit
1177 891 1257 958 liber
1291 913 1362 980 non

366 991 471 1060 solum
496 1013 514 1058 a
538 993 727 1072 coactione,
750 1003 788 1058 ut
810 992 880 1060 vult
909 993 1101 1076 insenius,
1124 995 1181 1060 sed
1212 997 1308 1062 etiam
1341 1019 1362 1062 a

368 1097 574 1163 necessitate:
599 1094 685 1175 hinc,
701 1095 779 1162 dum
803 1106 871 1162 erat
894 1097 962 1186 ipse
985 1099 1101 1180 viator,
1128 1118 1203 1166 vere
1222 1119 1258 1166 ac
1282 1120 1362 1188 pro·

365 1196 437 1283 prie
453 1195 579 1262 meruit

419 1372 522 1446 Proh.
543 1376 580 1445 l¹
597 1399 687 1474 pars.
700 1374 753 1445 De
769 1375 911 1448 Christo
925 1371 1063 1448 dixerat
1079 1377 1183 1448 Isaias
1202 1404 1223 1480 7
1242 1379 1360 1479 capite

368 1483 577 1582 Prophetiae,
591 1500 630 1555 ut
643 1486 731 1556 sciat
743 1483 927 1582 reprobare
940 1486 1093 1574 molum,
1106 1502 1141 1558 ct
1157 1487 1284 1584 eligere
1295 1487 1360 1561 bo·

368 1619 472 1682 ιιιιιιι,·
501 1609 537 1664 et
562 1619 591 1665 c
618 1593 678 1683 53,
702 1591 841 1666 oblutus
865 1608 930 1681 est,
955 1598 1039 1692 quia
1057 1598 1129 1692 ipse
1147 1595 1281 1670 voluit:
1304 1613 1357 1670 at-

367 1729 435 1803 que
461 1703 555 1778 idem
582 1704 743 1776 Christus
767 1704 821 1775 Jo.
850 1707 896 1776 111
922 1701 1020 1795 dixit,
1046 1707 1121 1802 Ego
1145 1729 1245 1803 pono
1271 1709 1348 1777 arei·

367 1837 468 1884 neom
492 1838 633 1886 ιιιεαιιι.
647 1863 678 1882 ..
704 1837 727 1882 a
753 1813 896 1908 meipso.
922 1813 1094 1902 Quocirca
1131 1815 1354 1913 Augustinus

365 1943 448 1997 cum
475 1938 550 1996 toto
584 1937 679 1997 coetu
705 1922 765 1992 SS.
789 1923 856 1992 ΡΡ.
881 1922 971 1996 banc
989 1923 1119 1996 Christi
1152 1923 1355 1996 libertatem

365 2029 533 2136 praedicat
549 2035 705 2136 saepius,
730 2046 766 2102 et
791 2032 852 2102 Tr·
879 2029 924 2104 37
952 2033 989 2104 in
1014 2034 1068 2106 'J0.
1094 2034 1268 2132 quamdiu
1298 2059 1353 2105 vo-

367 2147 448 2232 luit,
473 2148 544 2236 uit,
570 2150 662 2218 inter
684 2127 847 2216 homines
872 2146 997 2233 vixit,
1022 2144 1164 2243 quondo
1195 2145 1305 2218 voluit
1327 2169 1354 2218 a

408 2473 417 2494 ’
434 2471 496 2540 Ejus
513 2475 598 2541 utique
615 2475 710 2539 generis
725 2473 836 2534 curatio,
852 2479 1007 2522 mortuorum
1023 2469 1064 2522 ille
1088 2474 1262 2536 exsuscitatio,
1278 2480 1355 2540 prout

367 2559 444 2622 vides,
461 2573 513 2612 non
529 2555 640 2628 simplex,
656 2557 701 2606 sed
717 2555 807 2624 duplex
824 2564 863 2606 est
878 2558 996 2624 operatio,
1014 2556 1095 2606 divina
1108 2561 1138 2604 et
1154 2554 1279 2620 hnmana,
1300 2571 1354 2606 nou
1452 2547 1453 2552 ¹

365 2653 480 2724 equidem
495 2649 634 2720 disjunctae,
651 2651 695 2730 sed
712 2653 775 2699 inter
791 2665 819 2699 se
836 2648 932 2699 realiter
947 2651 1083 2700 distinctae:
1100 2649 1205 2717 ideoque
1230 2635 1354 2716 ejusruodi

367 2752 431 2798 actio
448 2745 600 2814 miscellanea
616 2753 643 2795 et
659 2745 758 2814 quidem
775 2743 846 2807 solu,
865 2743 936 2811 (licet
952 2761 1037 2794 omnes
1059 2746 1165 2794 actiones
1191 2741 1352 2794 humanitatis

364 2840 457 2892 christi
473 2838 595 2892 infinitam
603 2839 748 2903 dignitatem
758 2835 891 2887 habuerint
902 2855 916 2885 a
928 2853 1031 2904 persona
1043 2835 1128 2900 Verbi,
1140 2837 1278 2905 eodemque
1292 2837 1361 2904 Ver·¹

356 2934 391 2990 bo
407 2929 529 3002 dirigente*
542 2951 571 2986 ac
587 2940 702 2983 movente
725 2932 876 2999 prodierint,
892 2940 919 2982 et
934 2933 1053 2999 suppositi
1079 2934 1174 2981 ratione
1198 2932 1288 2981 divinas
1304 2931 1353 2982 dici

365 3026 486 3100 possint),
504 3045 518 3078 a
535 3027 626 3080 Grecis
645 3023 812 3087 mudrico,
829 3042 845 3075 a
860 3026 953 3076 Latinis
970 3022 1123 3088 Dei-virilis,
1135 3025 1197 3075 idest
1209 3021 1352 3074 Dei-homi-

363 3127 419 3187 n's,
436 3120 579 3193 appelletur.¹
596 3121 634 3172 De
646 3118 692 3171 hac
707 3119 838 3190 loquantum
855 3119 929 3170 sune
945 3118 1108 3184 Dionysium,
1125 3133 1171 3170 nos
1187 3119 1276 3168 edocet
1295 3113 1351 3186 ejus

363 3219 484 3287 interpres
501 3217 534 3288 S.¹
545 3216 682 3283 Minius,
693 3217 736 3290 qui
745 3214 813 3271 illem
824 3219 1006 3282 responsionem
1022 3213 1196 3282 suppeditans
1211 3212 1352 3283 loquuturu-

364 3327 414 3380 que
431 3309 551 3386 Cyrillnrn
568 3311 599 3360 de
610 3310 695 3362 eadem
707 3312 783 3365 mista
795 3313 944 3382 operatione,
961 3324 1034 3378 quam
1046 3316 1204 3358 vocaturum
1221 3316 1247 3358 et
1263 3325 1352 3378 cogna-

365 3419 417 3455 tam
434 3408 529 3455 ratione
547 3389 685 3454 arctissimae
702 3401 882 3470 conjunctionis
899 3401 975 3456 Verbi
991 3411 1016 3454 et
1034 3403 1147 3454 humanu
1172 3412 1283 3470 nature,
1300 3419 1350 3454 mo

268 3511 269 3515 ’
364 3509 409 3551 net
426 3500 452 3551 S.
470 3481 590 3549 Martinus
607 3497 674 3566 Papa
690 3513 766 3565 penes
783 3497 951 3551 Entbimium,

406 3591 455 3642 ista
471 3573 538 3656 tene,
554 3575 588 3654 et,
599 3607 654 3659 quaa
671 3589 708 3640 bis
726 3591 903 3640 commentariis
920 3590 1088 3656 indignantur,
1099 3588 1189 3653 recole,
1201 3597 1230 3639 ut
1241 3589 1311 3658 plura
1322 3606 1349 3638 a·

363 3685 395 3737 lia
412 3685 537 3737 dissolvas.
554 3685 592 3737 De
605 3686 711 3736 Hmrorio
727 3682 808 3752 palam
824 3683 868 3734 fiet
884 3687 911 3734 in
927 3684 1037 3736 Dissert.
1055 3683 1087 3734 de
1103 3683 1132 3734 11.
1149 3683 1288 3748 Pontifice,
1304 3691 1348 3733 aut

361 3797 420 3830 eum
438 3797 489 3830 non
500 3778 628 3830 adhaesisse
639 3776 814 3842 blonothelitis‚
826 3785 870 3826 aut
881 3783 998 3846 tanquam
1010 3776 1141 3830 Ductorem
1153 3751 1283 3844 privatum,
1295 3792 1347 3825 non
1361 3805 1363 3808 -

363 3883 392 3923 ut
413 3874 559 3925 Pontificem
576 3889 607 3924 ex
623 3870 738 3923 cathedra
755 3869 905 3938 loquentem,
922 3872 947 3921 in
964 3855 1021 3921 suis¹
1032 3871 1064 3922 ad
1081 3871 1191 3937 Sergium
1212 3870 1308 3919 Litteris
1330 3887 1346 3918 a

363 3984 420 4018 vero
436 3968 555 4020 decresse.
