2908 4962
267 491 270 497 '
326 483 399 564 108
586 502 651 549 nn.-
673 501 707 550 tv
733 499 901 550 sanatoris
926 501 951 548 n
977 499 1045 549 ort

325 606 443 670 menta
468 586 675 693 profligavit.
686 589 878 662 Enimvero
894 585 956 659 ubi
976 589 1029 660 ait*
1041 587 1202 689 Cyrillus,
1220 605 1306 690 post

327 703 499 781 unionem
523 715 670 773 naturas
694 699 843 772 aiteram
867 695 912 769 ab
942 699 1053 770 altera
1078 725 1152 772 non
1182 701 1303 788 dividi,

324 815 392 906 vel,
409 839 468 888 eas
494 810 569 884 saia
594 812 721 882 mentis
746 805 1023 879 consideratione
1049 806 1235 906 distingui·
1255 827 1306 882 at·

324 950 393 1024 que
419 946 493 994 esse
526 943 640 990 artam
673 931 841 990 naturam
871 915 982 992 Verbi
1015 919 1244 991 incarnatam
1269 934 1306 1024 et

325 1031 564 1108 adorabilem:
590 1029 746 1129 primum
774 1025 859 1100 illud
895 1025 1052 1102 edisserit
1088 1047 1211 1104 eontra
1240 1033 1307 1104 Ne·

324 1143 483 1233 starium,
498 1139 604 1238 idque
623 1164 745 1229 unum,
758 1137 867 1209 sessus
884 1163 1024 1238 semper
1040 1137 1307 1215 distinctionem

322 1270 539 1342 naturarum,
565 1250 757 1347 significare
783 1247 905 1337 voluit,
931 1247 1016 1320 duas
1041 1265 1181 1324 naturas
1217 1251 1307 1323 adeo

322 1365 446 1437 intime
476 1363 615 1461 junctas
632 1384 706 1430 esse
731 1373 768 1428 et
783 1357 820 1428 in
837 1383 905 1428 nna
924 1359 1054 1430 Christi
1070 1385 1220 1458 persona
1237 1361 1308 1438 coi-

325 1471 459 1570 ligataS‚
485 1485 524 1540 ut
558 1467 698 1540 nonnisi
732 1466 860 1548 mentis
894 1468 1050 1565 cogitatu
1085 1468 1306 1561 dividantur-3

324 1578 467 1650 adhibet
493 1578 588 1650 enim
622 1576 792 1673 distingui
824 1601 889 1675 pro
924 1577 1032 1648 dividi
1056 1605 1096 1650 ac
1121 1584 1276 1677 separari
1287 1608 1306 1666 ;

325 1689 421 1788 quod
448 1704 545 1790 patet
571 1715 615 1760 ex
642 1687 766 1760 eodem
793 1687 935 1788 Cyrillo.
960 1691 1138 1761 Posterius
1165 1719 1307 1790 quoque

324 1797 454 1890 docuit,
465 1851 469 1862 .
480 1825 552 1870 non
570 1799 664 1896 ajens
679 1800 819 1870 unicam
846 1824 919 1870 esse
937 1800 973 1870 in
992 1800 1131 1872 Christo
1147 1817 1308 1872 naturam

327 1909 388 1981 sed
415 1914 496 1983 eum
522 1909 700 1996 Flaviano,
727 1909 928 2000 AthanasiO,
952 1910 1079 1988 Basilio
1098 1912 1308 1984 seleuciensi

326 2037 362 2091 et
387 2021 460 2093 aliis
487 2021 624 2092 unicam
650 2046 724 2092 esse
751 2020 972 2112 incarnatam,
1000 2048 1129 2121 nempe
1155 2021 1307 2094 divinam

324 2129 445 2220 Verbi,
471 2155 549 2226 quae
576 2127 647 2200 sola
674 2129 769 2200 carni
795 2129 1024 2226 personaliter
1043 2130 1137 2200 unita
1160 2129 1234 2219 suit,
1259 2131 1305 2200 in·

268 2222 279 2240 ’
326 2241 402 2338 quit
427 2241 470 2310 D.
496 2242 651 2312 Thomas
679 2241 700 2310 3
727 2256 827 2339 parte
854 2268 887 2337 q.
916 2244 937 2311 2
964 2268 993 2312 a.
1023 2242 1117 2312 izet
1136 2241 1306 2340 sioajens‚

330 2377 436 2422 unam
472 2351 627 2423 divinam
661 2352 765 2423 sirnnl
800 2377 881 2423 cum
917 2378 1030 2444 carne,
1064 2352 1171 2425 veluti
1198 2379 1308 2424 unum

328 2463 507 2536 Christum
536 2489 716 2560 unumque
730 2464 1018 2563 Theanthropon,
1044 2491 1112 2536 nna
1140 2464 1310 2538 adoratio«

325 2602 370 2648 ne
397 2573 593 2663 colendam,
618 2574 708 2646 idest
734 2601 803 2647 non
832 2601 934 2674 posse
960 2577 1215 2648 humanitatem
1241 2575 1307 2648 coh'

219 2721 221 2726 ·
328 2683 467 2754 aVerbi
486 2685 667 2783 supposito
685 2685 887 2782 sejuncta1n3
903 2684 1202 2782 quandoquidem,
1220 2686 1310 2784 ajen-
1342 2741 1345 2746 .

328 2809 363 2864 te
381 2793 539 2892 Nysseno
557 2795 663 2892 Greg.
690 2817 719 2864 e.
738 2795 961 2866 Ennomium
976 2809 1061 2868 orat.
1082 2795 1116 2885 4,
1131 2819 1201 2890 per
1215 2817 1312 2866 cont·

322 2926 456 2998 pagam
493 2919 527 2974 et
562 2929 703 2976 nexant
738 2905 940 2982 naturalem
976 2907 1187 2975 eommunia
1209 2901 1313 2994 finnt

327 3020 508 3116 utriusque
534 3035 694 3116 utraque,
719 3045 867 3090 nonrno
893 3018 1030 3090 sennes
1063 3015 1191 3088 vibices·
1215 3039 1312 3087 assn«

327 3140 458 3212 mente,
484 3143 518 3198 et
543 3150 662 3204 arnna
689 3125 867 3202 dominica
895 3125 1029 3204 honore
1062 3125 1271 3222 glorificato·
1296 3159 1324 3168 ··

746 3357 848 3405 CAPUT
875 3358 899 3401 11

497 3476 560 3552 ωε
586 3473 740 3552 visionis
766 3481 969 3584 hypostaticae
1000 3481 1149 3554 ‘ihatntot

609 3634 754 3736 iiiinaqne
772 3630 1037 3735 ffltoptietatiiint.

379 3787 602 3884 Quamquam
617 3789 736 3860 Patres
753 3803 795 3872 et
807 3787 961 3860 Concilia
979 3789 1181 3887 promiscue
1195 3785 1313 3856 dicant

329 3895 454 3970 eodem
483 3923 586 3976 sensu
612 3899 784 3971 arationem
820 3913 855 3969 et
889 3901 1089 3972 linitionem
1124 3893 1312 4000 hypostati-
