2932 4970
386 491 429 538 nn
455 489 608 538 sccsssn
634 487 766 538 cnarsrr
1014 463 1063 538 33

74 575 159 656 bilis
183 583 256 682 ipsa
282 592 374 652 esset
397 575 566 668 Ecclesia,
590 600 658 648 nec
682 572 762 647 ideo
787 572 888 647 obvia
914 574 1063 668 soret,si

79 692 163 766 solis
187 687 448 792 praedestinatis
464 702 539 759 tota
555 685 738 760 coalescat.
770 735 773 744 -

129 802 179 872 At
203 824 322 872 noune
346 797 528 900 praescitos
544 820 586 868 ac
601 795 731 894 impios
756 793 934 894 Scriptura
952 809 989 866 et
1004 796 1065 867 Pa·

75 929 151 984 tres
175 911 301 984 dicunt
327 926 511 982 extraneos
527 906 572 979 ab
589 905 769 980 Ecclesia?
794 905 836 979 Id
860 905 930 980 dici
955 931 1065 1006 quun·

75 1023 212 1121 doque,
228 1047 301 1094 non
317 1019 468 1092 inficior:
494 1016 557 1091 sed
582 1015 730 1089 tanede
746 1015 903 1090 Ecclesia
927 1017 1064 1092 Trium·

73 1133 231 1233 phantc,
256 1129 314 1203 vel
338 1127 383 1201 de
409 1127 582 1201 Militante
612 1125 837 1200 immaculata
860 1127 1064 1228 loquuntur.

73 1241 221 1315 Scilicet
246 1239 301 1315 vel
326 1239 507 1340 reprobos,
533 1236 649 1337 quoad
665 1240 773 1310 finem
790 1237 982 1337 gloriosum
997 1242 1064 1314 Ec·-

74 1354 199 1429 clesire
218 1353 402 1426 militantis
426 1367 639 1426 aeternamve
665 1349 814 1423 salutem
838 1349 883 1422 ab
909 1351 951 1424 iis
966 1353 1064 1424 mini·

73 1489 138 1534 me
160 1459 476 1560 consequendam,
501 1476 686 1532 extraneos
719 1458 763 1532 ab
787 1459 943 1533 Ecclesia
977 1461 1065 1534 allir·

75 1590 197 1647 mant:
223 1573 279 1647 vel
303 1587 498 1670 utrosque,
525 1573 705 1672 praescitos
738 1572 960 1673 impiosque,
983 1571 1065 1646 ideo

78 1686 206 1758 dicunt
230 1700 426 1775 extraneos,
444 1684 551 1782 quod,
568 1683 629 1756 ubi
646 1711 710 1784 per
731 1699 917 1785 peccatum
942 1711 964 1757 a
989 1687 1065 1759 cha·

77 1798 185 1869 ritate
211 1794 435 1887 exciderunt,
460 1821 533 1868 non
558 1811 642 1868 sunt
666 1795 691 1866 ii
715 1795 875 1868 membra
899 1797 978 1870 viva
1003 1795 1069 1870 sed

76 1908 333 2010 putrida,non
358 1908 581 1982 immaculata
606 1906 767 1982 membra
793 1908 977 2004 columbe,
992 1923 1070 1984 non'

71 2021 250 2094 fructuosi
283 2019 446 2121 palmites
471 2023 509 2092 in
535 2021 617 2093 vite.
643 2021 733 2111 Quae
757 2037 877 2093 tamen
901 2018 996 2093 eride
1030 2035 1073 2093 et·

79 2132 296 2205 tabescentia
312 2131 473 2204 membru
491 2147 598 2232 atque
615 2131 815 2225 resecanda,
840 2133 905 2205 etsi
930 2158 1002 2206 non
1019 2145 1066 2206 at·

76 2243 215 2313 tineent
249 2239 294 2312 ad
327 2240 494 2314 Ecclesiae
531 2243 708 2332 animam,
733 2267 814 2340 quse
843 2240 1067 2315 interioribus

79 2349 231 2449 Spiritus
257 2350 378 2422 Sancti
402 2348 505 2423 donis
530 2348 619 2442 fide,
644 2377 706 2452 spe
731 2366 768 2424 et
792 2348 959 2426 charitate
984 2375 1066 2425 con·

78 2459 244 2551 stituitur3
270 2457 380 2532 nihilo
404 2475 525 2532 minen
560 2461 674 2534 secius
690 2460 743 2533 ‘ad
766 2459 903 2533 visibile
937 2487 1066 2561 corpus

76 2566 249 2641 Ecclesiae
282 2594 347 2668 per
380 2583 562 2641 externam
596 2571 699 2644 unius
724 2567 951 2670 ejusdemque
985 2568 1066 2640 fidei

77 2680 346 2780 professionem,
371 2682 746 2780 sacramentorumque
763 2682 1067 2769 comunionem,

80 2790 405 2890 subjectionemque
430 2793 574 2890 proprio
598 2795 733 2864 Pastori
751 2791 906 2864 debitam
923 2794 1001 2892 jure
1027 2814 1073 2864 ac·

46 2960 48 2964 .
81 2907 181 2972 certo
217 2917 400 3000 spectant:
424 2899 523 2997 ¹quod
558 2900 624 2971 fuit
647 2901 685 2970 in
710 2900 889 2973 Ecclesiae·
910 2895 1073 2972 linitione·

79 3025 415 3112 praemonstratum
442 3007 610 3109 quodque
639 3023 734 3081 recta
759 3009 851 3110 petit
872 3009 1068 3082 Protestan·

80 3120 129 3192 tis
155 3119 339 3193 Scbuberti
365 3121 562 3192 finitionem
588 3145 629 3192 ac
653 3135 816 3219 systema·
1012 3169 1015 3180 ι
1067 3139 1070 3148 ’

98 3291 101 3300 2
134 3229 179 3302 Il.
204 3230 276 3302 Ast
294 3228 436 3326 publici
460 3231 651 3319 Haeretici,
677 3233 704 3302 ἰί
729 3230 907 3318 videlicet,
923 3231 987 3328 qui
1003 3253 1066 3328 pa·

86 3337 162 3409 lam
181 3338 397 3436 profitentur
410 3338 612 3412 doctrinam
628 3337 847 3426 hereticam,
863 3354 968 3436 atque
992 3360 1066 3410 ma·

84 3447 206 3543 affecti
229 3477 252 3522 a
277 3466 350 3526 tota
371 3449 450 3546 fide
477 3453 659 3550 Apostotoe
684 3477 758 3526 non
783 3466 868 3524 aurat
900 3449 1071 3523 Ecclesiae

83 3555 256 3632 membra.
273 3560 351 3632 lloc
372 3561 553 3632 sciscimus
569 3575 691 3634 contra
706 3562 909 3651 Novatores,
926 3585 966 3632 ac
982 3583 1067 3659 prae·

85 3669 188 3768 cipue
213 3670 351 3744 Jurium
377 3693 441 3744 sno
459 3671 688 3746 Calvinistam
706 3670 822 3744 lurore
848 3671 1069 3772 contentioso

87 3776 273 3872 famosum,
296 3778 522 3880 breviterque
538 3785 607 3856 hoc
622 3785 741 3883 ipsum
758 3781 973 3876 conficimus
999 3779 1068 3877 pri·

88 3916 147 3962 mo
173 3892 253 3988 quin
271 3892 357 3993 tales
370 3896 469 3992 juxta
496 3894 582 3968 illud
607 3897 675 4000 Ep.
695 3895 709 3967 1
733 3895 787 3968 Jo.
805 3919 834 3965 c.
862 3895 920 3965 2-
934 3892 1067 3989 teste

140 4029 227 4086 rora.
253 4027 286 4078 11
313 4027 396 4081 rot·
422 4031 438 4080 1
993 3995 1015 4064 3
