2932 4970
374 526 428 602 ²38
568 609 573 616 ⁴
734 545 881 596 nissam.
907 543 1026 596 sucos.

379 650 461 730 stat,
488 632 575 709 nibil
600 633 698 706 enirn
714 647 769 704 est
785 631 946 706 anarcbia
965 629 1137 724 vdeterius3
1163 648 1274 734 utque
1295 635 1402 709 ideo

377 761 573 836 constaret,
598 745 892 838 schismaticos,a
918 743 1043 845 Capite
1070 745 1146 818 eive
1172 747 1271 825 unito
1290 749 1402 849 Epi-

377 881 486 960 scopo
511 853 716 954 subjectisve
742 853 882 952 utrique
909 851 1079 927 membris
1104 852 1302 945 abscissos,
1329 856 1395 928 ab

379 965 537 1050 Ecclesia
562 965 705 1065 penitus
730 962 897 1054 abscindi,
923 991 942 1036 a
968 963 1101 1038 familis
1125 963 1233 1038 divini
1250 967 1398 1060 Patris,

378 1074 427 1164 ¹ab
453 1073 561 1148 domo
587 1072 707 1146 salutis
732 1073 845 1148 avelli.
873 1073 909 1146 Si
935 1073 1015 1171 quis
1041 1073 1398 1164 enim,utadPl1i-

379 1181 606 1282 ladelpbenos
630 1197 768 1254 nostras
792 1182 909 1280 inquit
925 1181 1094 1280 Ignatius,
1110 1207 1213 1254 verus
1239 1181 1298 1256 ille
1323 1186 1396 1281 ju-

380 1311 440 1370 xta
458 1292 727 1366 Tillemontium
745 1295 893 1368 territans
910 1291 1114 1394 Apostolus,
1126 1295 1157 1365 si
1173 1296 1252 1392 quis
1268 1291 1395 1366 schis-

377 1431 442 1484 ma
463 1403 671 1502 facientem
705 1419 862 1477 sectetur
873 1459 887 1494 ,
913 1407 1013 1502 regni
1037 1406 1108 1476 Dei
1132 1402 1392 1478 hereditatem

380 1541 457 1588 reon
481 1509 720 1612 consequim'r.
745 1516 880 1591 Verum
906 1541 989 1588 cum
1023 1515 1094 1588 sint
1119 1515 1186 1588 ista
1221 1514 1304 1586 satis
1332 1513 1389 1588 de

384 1626 556 1702 Membris
580 1625 761 1718 Ecclesiae,
786 1653 845 1700 me
872 1643 1000 1704 vocant

377 1801 382 1922 ¹.
438 1799 846 1942 ecciesranorn.
860 1849 887 1922 1.
901 1847 1109 1949 nujusmoa
1124 1849 1225 1924 nore
1239 1875 1279 1922 ea
1293 1821 1386 1921 sunt

382 1961 499 2059 signa,
524 1986 589 2060 per
614 1987 694 2059 quae
721 1961 854 2034 Christi
880 1987 962 2036 vera
988 1960 1146 2035 Ecclesia
1172 1960 1216 2034 ab
1243 1959 1385 2032 adulte·
1464 2025 1465 2044 ,

377 2073 466 2165 ¹rinis
492 2074 750 2146 llaereticorum
777 2073 1160 2173 Schismaticorumque
1192 2074 1381 2146 Societati-
1464 2073 1465 2086 ¹

381 2183 469 2271 bus,
494 2183 623 2282 quibus
639 2184 806 2258 ‘solemne
832 2201 887 2257 est
900 2200 977 2278 ,ut
1002 2184 1089 2259 salso
1115 2185 1182 2257 sibi
1207 2185 1383 2257 Ecclesiae

292 2311 296 2324 “
381 2317 515 2364 nomen
533 2308 715 2392 usurpent,
731 2291 914 2367 evidenter
930 2294 1181 2368 internoscitur
1199 2293 1382 2368 evidentia

267 2495 270 2500 1
360 2477 362 2482 ,
382 2399 518 2496 morali.
535 2401 610 2474 lllae
627 2419 759 2490 autem,
785 2404 920 2500 (etiam
938 2429 1073 2497 omnes,
1092 2403 1227 2498 duabus
1245 2418 1382 2504 postre-

383 2509 451 2580 mis
469 2511 635 2610 exeeptis,
652 2540 671 2584 a
688 2511 901 2586 Bellarmino
918 2517 1146 2611 numeratae),
1162 2514 1207 2588 ad
1225 2530 1382 2614 quatuor

379 2621 504 2702 ,reduci
529 2638 701 2723 possunt,
727 2650 826 2722 quas¹
841 2623 1052 2724 Symbolum
1077 2625 1220 2698 Nieoeno
1237 2667 1263 2680 -
1282 2624 1379 2696 Gon·

379 2733 735 2835 stantinopolitanum
770 2736 865 2809 bisce
900 2733 1018 2809 verbis
1053 2733 1272 2836 designavit,
1302 2759 1379 2807 ere·
1464 2767 1465 2778 ¹

378 2843 498 2940 ‚dom
529 2845 664 2934 Unum,
692 2847 881 2936 Sanctam,
909 2844 1136 2920 catholicam
1161 2860 1196 2918 et
1221 2845 1376 2942 Aposto-

380 2952 493 3052 licam
527 2955 740 3030 Ecclesiam.
765 2943 838 3030 Nec
865 2958 961 3028 enim
995 2972 1164 3054 tanquam
1181 2955 1378 3052 proprias,
1464 2991 1465 3026 r

379 3065 560 3144 sensibiles
585 3095 627 3141 ac
644 3068 761 3170 ,veluti
781 3071 1036 3168 prominentes,
1053 3070 1199 3167 ipsaque
1217 3062 1378 3140 Ecclesia

382 3178 550 3262 notiores,
576 3177 696 3275 quales
714 3177 784 3248 sint
800 3192 943 3278 oportet
967 3176 1136 3248 Ecclesiae
1166 3175 1288 3264 Notoe,
1314 3199 1378 3246 no·

383 3299 436 3358 tas
462 3286 695 3379 admittimus,
712 3313 800 3386 quas
817 3288 977 3388 primum
994 3286 1159 3362 Calvinus
1178 3311 1378 3385 omnesque

381 3416 571 3498 postcom
597 3425 679 3472 cum
706 3397 907 3474 Schuberto
930 3399 1123 3482 Novatores
1149 3397 1377 3490 indicarunt,

255 3585 259 3595 ,
382 3529 537 3586 errantes
564 3530 598 3588 et
623 3516 661 3586 in
687 3537 842 3586 errorem
868 3515 1058 3604 mittentes,
1084 3511 1176 3585 idest
1201 3513 1376 3585 sinceram

381 3623 565 3722 Evangelii
599 3623 796 3719 doctrinam
834 3641 871 3697 et
896 3641 1028 3698 rectam
1065 3626 1375 3698 sacramentorum

380 3729 514 3822 Christi
539 3735 889 3824 administrationem.
913 3736 977 3807 llis
993 3760 1147 3832 namque
1166 3732 1374 3824 characteri·

383 3837 461 3934 bus,
478 3860 724 3945 preterquam
752 3843 848 3948 quod
873 3842 1091 3918 insensibiles
1116 3844 1187 3942 sint
1202 3859 1239 3916 et
1256 3841 1374 3942 cogni·

383 3965 421 4023 tu
449 3949 619 4048 difficiles,
645 3981 689 4032 ac
711 3955 786 4062 ipsa
812 3955 971 4032 Ecclesia
988 3953 1105 4029 minus
1123 3954 1371 4057 posteriusque
