2908 4962
366 513 429 590 :76
643 539 704 586 nn.
731 537 765 586 ιι
792 537 960 586 suerrours
987 541 999 586 r
1026 537 1056 586 e.
1088 540 1124 585 ι1

381 625 436 698 dia
462 636 600 696 tentum
625 647 735 720 usque
760 623 987 722 AEthyopiam
1012 619 1145 712 hebuit3
1162 634 1240 692 tum
1257 622 1374 694 etiam

380 735 548 828 Herodes,
571 736 761 834 Pompejus
787 733 912 832 aliique
945 759 1012 806 nec
1041 751 1125 806 sunt
1149 733 1191 806 de
1212 734 1372 830 seemore

378 848 499 935 Judoe,
516 871 582 918 nec
607 843 749 917 fuerunt
773 849 972 943 expectatio
999 843 1224 944 populorum,
1250 846 1372 943 qualis

376 985 459 1035 vere
484 958 624 1030 Messias
650 957 761 1049 Jesus,
786 972 823 1028 et
856 956 999 1056 quidem
1025 957 1118 1030 solus
1154 957 1281 1030 extitit
1308 958 1368 1028 Ita

376 1069 607 1168 Vespasianus
632 1065 738 1139 solius
763 1067 878 1138 extitit
895 1065 1083 1139 adulatoris
1103 1065 1252 1164 Josephi
1274 1068 1371 1150 Mes7

379 1178 463 1251 sias!
489 1175 545 1249 Ob
570 1177 660 1248 hanc
686 1176 856 1248 rationem
873 1177 970 1274 Cyro
988 1177 1093 1248 eliam
1111 1178 1289 1250 cohaerere
1307 1202 1371 1248 ne·

380 1288 468 1386 quit,
495 1311 695 1384 quanquam
724 1284 884 1358 Christus
910 1306 1032 1358 suasa
1057 1287 1134 1358 Deo
1151 1285 1371 1377 nominetur,

374 1413 436 1470 aut
461 1399 542 1496 quia
567 1396 704 1468 futurus
729 1398 804 1497 ipse
833 1412 939 1496 typus
974 1397 1105 1469 Christi
1137 1395 1366 1487 liberatoriS,

376 1527 438 1584 ant
463 1512 545 1610 quia
570 1535 672 1582 soem
701 1511 810 1609 Regia
844 1525 1017 1611 potestate
1052 1509 1260 1582 donandus:
1296 1511 1364 1608 qui

283 1611 285 1618 ¹
374 1639 554 1724 preterea,
580 1621 712 1693 nedum
738 1623 811 1720 ejus
836 1637 997 1722 tempore
1023 1637 1203 1720 sceptrum
1229 1622 1273 1694 de
1300 1622 1364 1716 Ju-

373 1733 418 1806 da
443 1733 623 1824 exciderit,
648 1730 853 1805 Judaeorum
879 1758 991 1830 remp.
1017 1759 1036 1803 e
1062 1734 1238 1806 contrario
1265 1733 1367 1804 resti-

373 1843 451 1933 tuit,
477 1841 608 1914 scilicet
641 1841 716 1914 Deo
750 1841 792 1912 iis
826 1857 902 1912 tum
937 1839 1141 1939 indulgente
1174 1841 1365 1942 propitius,

374 1953 485 2052 queis,
509 1952 585 2024 Deo
612 1977 706 2026 nune
732 1950 933 2042 ulciscente,
954 1952 1028 2050 jam
1053 1952 1162 2024 modo
1179 1953 1217 2022 in
1234 1977 1366 2052 perpe·

376 2078 478 2137 tuum
505 2088 620 2132 aevum
646 2077 680 2134 et
704 2061 785 2132 coeli
809 2076 843 2134 et
867 2062 935 2134 soli
963 2064 1020 2133 sui
1036 2061 1264 2148 extorribus,
1280 2087 1365 2161 pro-

372 2187 414 2242 ut
437 2172 551 2268 inquit
575 2163 820 2264 Tertullianus,
845 2194 911 2245 nee
937 2172 1156 2244 advenarum
1170 2174 1261 2268 jure
1293 2188 1362 2244 ter·

374 2302 453 2350 ram
472 2283 644 2376 patriam,
669 2280 795 2352 saltem
821 2282 976 2376 vestigio,
1007 2280 1161 2353 solutore
1195 2279 1363 2352 coneedi-

373 2401 443 2456 tur.

422 2496 567 2568 Instant.
591 2498 725 2569 Verum
758 2524 828 2595 quo
862 2513 966 2598 pacto
1000 2499 1100 2571 Jesus
1131 2524 1150 2568 a
1184 2497 1359 2578 Nazareth

373 2602 441 2674 erit
467 2603 609 2676 Messias
635 2603 693 2676 ille
719 2607 921 2704 promissus,
947 2632 1028 2678 cum
1047 2621 1195 2697 constet,
1211 2631 1284 2677 non
1306 2629 1361 2676 ve·

373 2714 466 2786 nisse
493 2717 612 2787 statim
637 2742 678 2790 ac
703 2717 861 2790 Herodes
887 2717 1039 2790 habenas
1064 2718 1176 2815 Regni
1207 2717 1361 2818 capessi-

375 2827 502 2901 vit?
477 2854 504 2900 st
531 2845 650 2905 tamen
675 2831 748 2930 ipse
775 2831 842 2904 suit
872 2829 1108 2930 alienigena,
1100 2857 1137 2901 ιιι
1163 2855 1234 2927 quo
1261 2855 1362 2928 scep-

371 2953 467 3010 trum
492 2941 592 3014 Judae
610 2941 785 3015 desiverit.
802 2918 846 3038 Il
865 2945 925 3014 Sat
946 2959 999 3015 est
1016 2969 1204 3042 superque,
1225 2957 1264 3013 ut
1281 2967 1362 3042 pro·

370 3049 488 3146 phetia
513 3051 741 3149 compleatur,
767 3053 862 3150 quod
891 3055 992 3126 Jesus
1018 3069 1120 3127 natus
1138 3055 1183 3124 sit
1206 3050 1282 3128 sub
1290 3053 1362 3124 He·

370 3158 467 3252 rode,
492 3186 563 3256 quo
589 3187 738 3258 regnum
764 3181 968 3262 capessente
995 3181 1174 3264 sceptrum
1201 3163 1329 3236 desiit
1320 3189 1362 3234 m

369 3267 488 3338 tuda:
514 3269 623 3342 immo
650 3289 791 3370 oportet
816 3301 860 3346 ex
889 3274 1009 3367 Jacob,
1035 3291 1073 3346 ut
1101 3275 1241 3348 nonnisi
1277 3273 1360 3346 sub·

347 3373 444 3474 ‘lato
471 3393 609 3477 sceptro
634 3381 671 3451 in
698 3408 758 3452 sna
783 3387 936 3457 venisset
952 3386 1017 3457 Dei
1034 3386 1143 3458 Filius
1146 3411 1282 3508 ,quem
1301 3389 1362 3459 sui

372 3508 449 3554 non
475 3505 687 3582 receperunt.
715 3491 871 3564 Herodes
906 3510 1027 3564 autem
1063 3496 1259 3568 communi
1269 3521 1361 3568 .-con

367 3594 533 3667 sensione
559 3597 814 3672 Historieorum
840 3617 875 3673 et
899 3604 1043 3674 Patrum
1061 3620 1165 3700 atque
1175 3603 1359 3676 Rahhino·

371 3728 453 3774 rum
477 3707 531 3778 vir
555 3724 628 3778 erat
654 3709 797 3798 advena,
831 3710 1032 3835 alienigena
1068 3727 1128 3782 aut
1162 3738 1265 3783 curn
1281 3711 1357 3782 Fla·
1449 3697 1450 3720 ¹

372 3813 429 3884 vio
447 3797 589 3912 aliisque
607 3817 801 3892 Idumaeum
818 3819 914 3910 velis,
931 3837 991 3892 aut
1004 3823 1102 3919 juxta
1119 3819 1203 3898 alios
1216 3820 1356 3894 Ascalo·

370 3923 501 3996 uitam:
491 3955 609 4025 quos
627 3937 760 4003 tamen
770 3932 950 4031 componit
966 3931 1196 4032 Epiphanius,
1220 3947 1354 4004 utrum·
