2932 4970
381 512 431 588 42
728 533 875 582 nissam.
899 531 1027 586 anona..

378 639 478 716 stata,
505 622 656 698 luertmt'
672 619 852 719 insignes?
876 621 1001 695 Nonne
1028 619 1111 694 fidei
1136 635 1174 694 et
1189 624 1385 724 Evangeli-

379 759 431 810 cae
457 735 589 806 ethices
614 730 817 832 puritatem,
842 748 1003 806 sanctum
1029 746 1067 803 et
1091 731 1290 808 inviolabile
1320 733 1385 806 de·

376 847 533 948 positum
559 841 625 916 sibi
651 868 671 914 a
698 843 840 918 Christo
868 845 1110 918 transmissum
1127 871 1193 946 per
1218 845 1381 946 Aposto-

376 955 449 1046 los,
475 955 629 1028 servavit
654 955 822 1027 hactenus
847 970 1024 1030 sacrmum
1049 955 1377 1053 confirmatumque

288 1109 291 1116 ·
375 1061 562 1154 miraculis3
580 1088 621 1136 ae
633 1060 808 1160 proficuas
834 1065 1005 1140 novitates
1030 1063 1376 1164 spurenmquedoc·

375 1175 517 1266 trinam,
533 1172 676 1272 flagitia,
693 1173 910 1274 corruptelas
936 1175 1217 1249 constantissime
1236 1177 1376 1275 rejecit,

378 1287 608 1388 proscripsit,
633 1284 876 1387 improbavit?
903 1287 1001 1377 Quot
1035 1286 1181 1360 demum
1210 1286 1378 1366 membra

376 1400 450 1495 ejus
476 1398 671 1498 praecipua,
696 1399 889 1499 Episcopi,
915 1398 1143 1488 Sacerdotes,
1169 1387 1376 1474 Coenobita·

375 1535 459 1580 -rum
486 1508 661 1598 Ordines,
688 1535 841 1608 cumque
866 1510 951 1609 ipsis
975 1509 1056 1584 laici
1082 1509 1149 1583 viri
1178 1509 1377 1609 permulti,

380 1619 510 1718 quibus
534 1620 693 1694 mundus
718 1621 921 1716 crucfixus
946 1637 1020 1712 est,
1045 1638 1080 1696 et
1105 1624 1172 1722 ipsi
1196 1622 1378 1696 mundo?

374 1731 415 1804 in
442 1733 543 1831 queis
559 1757 653 1823 saue,
669 1757 744 1831 prae
763 1757 986 1831 quacumque
1003 1732 1154 1806 'alterius
1179 1730 1376 1830 Religionis

377 1857 496 1932 secta,
523 1838 595 1912 late
620 1839 783 1940 splendet
808 1857 846 1916 et
871 1868 954 1916 cum
979 1841 1048 1914 alta
1074 1839 1162 1915 adeo
1198 1843 1376 1939 sapiencia

373 1950 598 2034 consociatur
624 1949 726 2024 alma·
740 1952 873 2043 virtus3
900 1953 998 2051 cujus
1024 1952 1145 2050 utique
1170 1951 1309 2026 virtutis
1333 1967 1375 2022 et

375 2061 558 2160 sapientiae
584 2063 789 2139 societatem
814 2064 855 2138 in
881 2064 1067 2139 christiana
1094 2061 1267 2145 catholica
1283 2061 1375 2153 Reli-

376 2167 528 2266 ligione,
554 2196 616 2242 sua
641 2187 811 2270 tanquam
836 2175 874 2244 in
899 2173 982 2248 sede
1008 2190 1045 2246 et
1070 2173 1200 2266 domo,
1225 2197 1375 2271 regnan·

375 2295 476 2370 tem,
502 2282 554 2352 uti
578 2284 803 2383 perspicuam
828 2284 920 2358 illius
946 2302 1112 2360 tesseram
1138 2301 1176 2357 et
1202 2284 1370 2358 divinum

377 2387 462 2459 hinc
486 2389 656 2464 Ecclesiae
674 2410 806 2465 nostrae
824 2397 1063 2468 characterem
1080 2395 1242 2469 edisserit
1262 2411 1371 2491 atque

269 2559 271 2562 .
377 2522 527 2572 nervose
554 2501 803 2603 eleganterque
828 2509 996 2607 proponit
1014 2507 1118 2582 Gard.
1145 2505 1369 2582 seruarat-

376 2605 546 2682 lavicinus
571 2611 608 2682 in
635 2637 695 2684 sua
722 2615 1042 2694 artificiosissima·
1055 2619 1144 2692 Arte
1170 2619 1263 2692 dello
1293 2642 1369 2716 per·

364 2718 499 2816 jezion
525 2725 708 2813 cristiana,
726 2724 786 2798 lib.
811 2729 824 2800 1
859 2754 889 2800 c.
922 2729 963 2800 16
991 2729 1056 2802 sub
1082 2729 1369 2819 mediumllaec,

325 2923 326 2926 Ἴ
376 2856 460 2905 curn
485 2851 606 2908 nostra
631 2837 883 2918 miraculorum
910 2840 1018 2941 gloria
1045 2869 1085 2916 ae
1107 2841 1212 2933 luee,
1242 2842 1284 2920 in„
1303 2841 1369 2912 im·

373 2969 480 3044 puras
506 2947 764 3026 llaereticorum
790 2953 910 3027 Sectas
927 2982 1000 3028 non
1017 2954 1201 3054 quadrare,
1226 2952 1316 3053 lippi
1331 2967 1370 3022 et

373 3069 535 3130 tonsores
559 3079 708 3134 norunt:
736 3065 867 3164 quippe
884 3065 987 3140 malae
1003 3065 1145 3140 arbores
1166 3063 1370 3138 fundatores

372 3162 550 3266 liaeresum
577 3194 769 3266 earumque
795 3189 1059 3272 propagatores,
1077 3173 1211 3248 fructus
1228 3165 1369 3246 edendo

281 3286 289 3372 f
373 3271 568 3370 pestiferos,
585 3277 668 3351 fidei
693 3281 916 3380 praecludunt
940 3283 1112 3384 bonisque
1137 3285 1296 3360 moribus
1316 3287 1368 3386 ja-

373 3409 494 3478 nuam,
519 3403 556 3460 et
581 3389 674 3463 vitiis
699 3393 924 3470 omnibusac
940 3398 1115 3497 impietati
1141 3397 1367 3500 patefaciunt.

374 3491 448 3566 Nec
473 3495 578 3574 mitto
594 3497 690 3574 illud
717 3504 924 3580 Tertulliani
949 3508 992 3581 de
1017 3509 1149 3583 Horret
1171 3511 1364 3608 praescript.

374 3599 521 3696 dictum,
547 3608 644 3706 quod
661 3614 814 3686 maxime
832 3619 897 3690 aevi
922 3617 1259 3712 nostrivinerodulis,
1284 3618 1363 3690 Dei-

374 3712 437 3788 stis
462 3714 594 3792 seilicet
623 3723 696 3822 jam
723 3724 828 3798 hodie
854 3726 1170 3822 invalescentibus,
1193 3727 1301 3801 'simul
1327 3742 1363 3798 et

373 3823 591 3920 deformatis
616 3839 786 3935 aptarim:
805 3839 967 3939 plerique
995 3866 1062 3915 nec
1089 3843 1268 3916 Ecclesiae
1299 3838 1362 3925 lia·

373 3928 483 4021 henli
508 3940 584 4014 sine
610 3961 745 4047 matre,
770 3951 846 4050 sine
871 3949 1067 4043 sedante
1084 3951 1168 4043 fide,
1183 3947 1362 4040 extorres,
