2908 4962
385 511 428 562 na
455 509 586 590 cmrsrr
612 509 761 560 corrone
991 490 1064 567 1ἳὸ

134 598 249 700 Οὺ]”ἰο.
265 595 535 674 Phantasiasue.
552 597 610 671 Ad
625 598 779 699 Philipp.
799 601 820 672 2
839 599 1001 674 Christus
1018 603 1065 678 af·.

79 712 245 783 finnatur
270 712 309 782 in
342 708 613 782 similiucdinem
646 706 839 782 hominum
859 709 1006 807 factm,
1031 729 1067 788 et

76 817 208 894 habitu
232 822 395 893 inventus
420 831 461 890 ut
486 815 617 892 heuto:
642 843 731 918 ergo
762 819 922 892 Christus
957 815 1064 922 appa·

80 917 222 1002 rentem
247 917 442 1021 dumtaxat,
466 953 540 1001 uon
565 953 685 1002 veram
711 953 854 1001 carnem
870 927 1002 1002 habuit.
1020 905 1066 1028 ll
1125 1019 1128 1029 Ι

81 1037 164 1114 (list.
190 1055 348 1114 textum:
375 1041 535 1113 Christus
560 1038 690 1113 dicitur
715 1038 827 1113 lactus
855 1041 893 1112 iu
910 1041 1068 1115 similitu·

81 1141 213 1226 deuem
239 1153 424 1225 hominum
446 1139 572 1226 'veram
596 1166 633 1223 et
658 1152 866 1252 naturalem,
891 1179 971 1252 quae
1001 1155 1069 1234 situ

83 1280 138 1337 est
162 1266 200 1337 in
225 1253 384 1364 ejusdem
401 1277 536 1366 naturae
550 1265 809 1358 communione3
827 1266 995 1364 concedo:
1013 1293 1069 1369 ap

81 1391 267 1476 parentem
292 1388 329 1446 et
354 1374 622 1475 phantasticam,
646 1401 726 1474 quae
750 1376 788 1446 in
813 1391 958 1450 externa
991 1393 1067 1450 tan·

82 1504 162 1560 tum
187 1487 304 1588 specie
330 1487 500 1579 consistit,
524 1512 616 1586 nego
642 1486 861 1588 antecedens.
884 1489 989 1562 Haud
1009 1488 1068 1562 ab·

80 1587 226 1670 nuimus
249 1595 286 1667 iu
313 1595 456 1668 Christo
489 1597 640 1696 figuram
673 1596 823 1669 similem
858 1612 1068 1700 caeterorum

82 1709 282 1800 hominnm,
306 1706 400 1780 unde
425 1707 599 1801 subditur,
622 1725 658 1782 et
681 1707 807 1782 habitu
833 1713 997 1784 invenus
1026 1725 1070 1810 ut

90 1813 240 1904 homo;
277 1814 340 1888 sed
377 1813 435 1888 illa
475 1817 626 1889 exterior
663 1816 778 1890 forma
815 1832 852 1890 et
889 1817 1081 1892 similitudo

89 1914 379 1997 cummunionem
405 1923 607 1998 substantiae
631 1951 811 2026 corporeae
837 1953 920 2000 cum
938 1930 1072 2002 caeteris

87 2029 292 2104 homiuibus
315 2057 389 2106 non
414 2031 581 2126 excludit,
605 2049 735 2108 utnon
759 2038 932 2136 expungit
958 2035 1073 2137 Scrip-

89 2155 168 2212 tura
195 2141 352 2235 Genesis,
386 2167 469 2214 cum
504 2141 549 2214 de
584 2142 724 2216 Adamo
758 2160 888 2236 narrat,
910 2145 1074 2242 genuisse

90 2251 180 2326 Sem
203 2249 253 2325 ud
277 2253 548 2330 similitudinem
572 2279 686 2327 suam.
702 2255 776 2330 Nec
802 2255 904 2330 obest
920 2257 1073 2356 particu-

85 2365 119 2436 la
144 2363 210 2458 ut,
223 2391 303 2464 quae
328 2357 454 2438 eodem
479 2366 588 2440 modo
615 2394 655 2441 ac
680 2368 814 2467 reliqua
834 2367 1074 2441 similitudinis

87 2477 264 2570 adverbia,
289 2467 405 2577 quasi,
431 2479 524 2551 velut
549 2495 634 2572 etc,
659 2481 695 2560 iu
731 2479 857 2554 divinis
884 2478 1074 2554 Codicibus

88 2594 204 2691 ipsam
230 2579 371 2689 quoqne
398 2591 593 2689 significant
618 2594 669 2664 rei
695 2594 892 2665 veritatem.

138 2704 288 2800 Urgent.
314 2704 382 2778 Ast
406 2729 524 2776 nonne
551 2731 671 2778 revera
697 2709 735 2775 in
751 2707 871 2776 Veteri
892 2707 990 2777 Test.
1015 2719 1075 2776 aut

87 2814 163 2912 ipse
181 2813 290 2885 Filius
306 2813 371 2884 Dei
388 2829 448 2884 aut
465 2813 592 2910 Angeli
618 2811 817 2884 hominibus
835 2821 1074 2912 apparuerunt

88 2922 222 3020 absque
235 2922 319 2993 reali
336 2923 481 3022 proprio
494 2921 663 3022 corpore?
682 2947 766 3020 ergo
784 2937 868 2992 ete..
885 2896 929 3018 ll.
946 2921 1076 3011 Primo,

89 3057 173 3104 vera
191 3047 256 3121 est,
269 3033 318 3103 ait
335 3033 357 3103 J
359 3034 475 3125 neuin,
489 3032 686 3130 aliquorum
704 3034 909 3104 Graecorum
922 3033 989 3103 ΡΡ.
1003 3056 1075 3102 seu·

90 3145 213 3234 tentia,
222 3145 411 3246 Theophili
421 3172 474 3217 ex.
486 3172 535 3245 gr.
546 3161 582 3217 et
590 3145 729 3234 Justini,
739 3146 799 3242 qui
808 3142 1077 3246 contenderunt,

90 3257 339 3356 apparitiones,
356 3257 400 3356 de
418 3257 545 3355 quihus
562 3258 687 3355 agitur,
704 3255 810 3328 lactas
827 3255 931 3328 fuisse
948 3258 984 3327 in
1002 3282 1078 3357 per·

93 3395 179 3441 sona
204 3368 332 3461 Verbi3
359 3367 510 3460 aliunde,
540 3369 612 3442 sive
638 3369 704 3458 Dei
729 3368 829 3461 lilius,
855 3369 927 3442 sive
952 3367 1079 3466 Angeli

91 3476 179 3548 olim
206 3479 438 3576 apparuerint,
465 3493 644 3576 assumpta
671 3476 715 3548 ab
740 3479 781 3550 iis
807 3503 953 3577 corpora
978 3480 1080 3575 (quae

95 3585 243 3685 quidem
268 3604 447 3690 assumpta
473 3615 545 3661 non
571 3605 652 3660 nata
679 3588 842 3686 suerunt)
869 3616 948 3662 vera
963 3615 1003 3661 ac
1029 3615 1079 3660 so

95 3693 168 3770 lida
195 3695 364 3786 extitisse,
390 3695 533 3768 tradunt
559 3696 817 3797 quamplurimi
845 3700 1007 3796 quocirca
1042 3699 1080 3768 in

96 3805 329 3879 Adversarios
341 3810 537 3906 retorqueri
551 3825 667 3907 potest
681 3826 938 3903 argumentum.
957 3810 1082 3880 Secun-

95 3916 157 4008 do,
182 3917 309 4017 Angeli
336 3918 380 3990 ad
405 3918 511 3994 breve
540 3935 688 4020 tempus,
713 3947 784 4018 quo
811 3921 1009 3994 homiuibus
1027 3946 1082 4020 ap
