2942 4962
389 487 463 583 204
720 527 780 574 nn.
805 527 840 575 ιν
865 524 1027 573 arreumx

385 633 445 690 est
464 614 528 687 soli
553 613 639 686 Enti
654 613 809 685 increato
825 607 1072 710 impendenda;
1090 633 1162 680 non
1178 609 1286 709 igitur
1301 610 1367 681 hu·
1462 603 1463 644 l

382 727 541 802 manitati
565 723 682 798 Verbo
708 725 815 794 etiarn
840 723 959 813 unitae,
984 747 1095 818 quum
1113 736 1272 794 creatura
1289 747 1370 822 per·
1463 757 1464 776 κ

381 851 544 928 maneat,
569 850 686 937 potest
711 833 876 904 exhiberi.
902 833 979 904 Hoc
1014 831 1109 903 enim
1143 856 1369 932 consequens

382 949 584 1046 abnegatur.
611 947 671 1017 Sat
696 934 847 1042 namque
875 958 938 1034 est,
965 940 1082 1040 quod,
1107 941 1190 1015 licet
1214 969 1282 1014 una
1309 969 1363 1014 ea·
1464 944 1465 1022 l

383 1059 535 1158 demque
560 1056 773 1146 adoratione,
790 1080 862 1127 non
880 1053 1004 1127 eodem
1021 1069 1139 1126 tamen
1156 1053 1265 1127 modo
1282 1051 1370 1126 ado·

380 1183 479 1241 retur
495 1165 708 1238 humanitas:
735 1163 892 1235 Verbum
912 1164 1005 1234 enim
1023 1163 1180 1261 adeoque
1198 1179 1271 1236 tota
1289 1163 1370 1234 Tri·
1465 1196 1466 1260 p

382 1279 474 1350 nitas
499 1276 666 1374 primario
692 1291 729 1347 et
754 1275 899 1346 omnino
920 1273 1200 1374 independenter
1219 1290 1368 1373 propter
1465 1263 1466 1288 l

378 1411 414 1458 se
441 1383 590 1474 colitur;
616 1386 828 1457 humanitas
851 1400 992 1475 autem,
1018 1408 1081 1456 ceu
1117 1383 1362 1457 secundarium
1466 1457 1467 1482 ἶ

377 1496 569 1596 objectum,
595 1499 633 1568 in
659 1523 696 1570 se
722 1495 877 1594 quidem,
894 1512 930 1567 at
946 1521 1018 1568 non
1037 1511 1185 1592 propter
1204 1488 1254 1582 se,
1270 1493 1364 1566 idest

379 1610 659 1681 concomitanter
689 1623 724 1679 et
749 1608 846 1681 velut
879 1634 943 1710 per
977 1605 1147 1694 accidens
1173 1605 1362 1697 adoratur,
1467 1702 1468 1712 ἵ

379 1711 560 1816 quatenus
578 1732 631 1789 est
656 1715 788 1813 aliquid
805 1714 977 1818 personae,
994 1741 1073 1813 quae
1090 1717 1283 1788 increatam
1309 1710 1365 1786 en·
1467 1721 1468 1726 ’

381 1826 578 1900 cellentiam
614 1828 821 1899 humanitati
857 1828 1096 1901 communicat
1121 1826 1168 1900 ob
1194 1827 1363 1899 unionem

383 1936 652 2036 hypostaticam.

430 2047 538 2144 Ergo,
551 2044 656 2138 dices,
665 2044 827 2117 adoratur
841 2045 982 2117 relativo
996 2058 1131 2124 tantum
1146 2043 1366 2116 oultu.Hanc

380 2156 477 2228 enim
508 2156 685 2254 sequelam
710 2157 855 2229 inficior.
882 2155 995 2228 cultus
1025 2181 1177 2253 namque
1202 2154 1367 2228 relativus

381 2262 532 2335 refertur
556 2265 602 2337 ad
619 2265 759 2337 alterius
776 2266 1008 2365 suppositum;
1025 2263 1133 2336 Verbi
1151 2278 1269 2336 autem
1286 2289 1369 2362 sup-

380 2375 547 2474 positum,
565 2375 610 2446 ob
637 2377 734 2473 cujus
759 2375 1002 2448 excellentiam
1028 2374 1191 2448 adoratur
1211 2375 1369 2446 humani·

379 2495 445 2570 tas,
470 2481 509 2550 fit
535 2483 636 2580 hujus
662 2483 821 2582 apprime
847 2485 1043 2584 proprium,
1067 2511 1142 2585 prae
1167 2484 1311 2556 mirifica
1327 2483 1367 2554 in

382 2585 534 2662 divinam
561 2616 667 2660 unam
694 2591 896 2690 hypostasin
923 2595 1160 2695 assumptione
1183 2591 1364 2666 sacratissi-

382 2723 451 2769 mae
477 2699 720 2772 Humanitatis.
737 2699 841 2773 Unde
860 2717 895 2773 et
921 2704 978 2802 pie
996 2705 1130 2802 riteque
1147 2703 1191 2775 ab
1208 2701 1366 2776 Ecclesia

382 2807 548 2879 charitate
574 2806 879 2907 flagrantissimum
915 2814 1256 2910 sacratissimumque
1292 2809 1365 2882 Cor

384 2915 467 2986 Jesu
493 2920 704 3016 proponitur
729 2920 778 2991 sic
803 2920 902 2991 latria
929 2920 1158 2993 adorandum:
1185 2922 1366 3020 quianon

382 3025 544 3126 simplex,
569 3029 618 3098 ait
642 3030 701 3102 eit.
725 3029 804 3102 loco
831 3029 1017 3122 Gerdilius,
1035 3030 1211 3104 divulsum
1236 3055 1255 3100 a
1281 3029 1366 3098 Ver·

382 3135 428 3207 bi.
445 3161 605 3236 persona,
622 3139 860 3212 nruseulosum
879 3143 991 3212 carnis
1017 3141 1167 3216 frustum
1193 3139 1367 3230 adoratur,

383 3249 483 3342 quasi
504 3250 639 3346 justum
665 3275 729 3347 per
755 3265 1001 3349 contemptum
1021 3251 1184 3324 maledici
1201 3251 1366 3324 clamato·

382 3377 440 3426 res
456 3369 493 3424 et
510 3359 735 3453 sycophantae
760 3355 797 3427 id
823 3360 1051 3453 insusurrant,
1067 3361 1176 3432 immo
1199 3360 1364 3452 clament,

382 3489 448 3536 nos
473 3465 520 3536 ita
545 3464 697 3538 carnales
731 3466 994 3566 materialesque
1026 3497 1100 3542 esse
1126 3488 1162 3544 et
1195 3470 1365 3544 constitui

388 3573 603 3648 Cordicolas.

436 3692 464 3788 ς.
492 3692 757 3766 2.·Humanitas
783 3693 926 3786 Christi,
951 3696 980 3768 si
1006 3711 1046 3767 ut
1072 3698 1227 3797 sejuncta
1253 3725 1272 3769 a
1297 3696 1364 3768 Dei

384 3803 502 3908 Verbo
527 3830 591 3912 per
616 3806 833 3880 intellectum
852 3793 1072 3883 'abstractive
1103 3808 1364 3900 consideretur,

385 3911 521 3987 adorari
546 3931 662 4016 potest
694 3915 848 3992 inferiori
874 3917 994 4014 cultu,
1020 3917 1153 3992 scilicet
1186 3917 1289 3992 duliae
1316 3915 1363 3988 ob
