2942 4962
264 513 307 561 mr
334 509 462 572 cnnrsrr
488 509 635 566 suumn
662 507 703 558 ar
729 509 927 562 sanccimus
1015 487 1097 582 199Ι

111 597 277 699 pacifice,
303 623 387 670 nam
412 589 532 670 scribit
564 597 677 668 Lucas
712 589 781 667 23:
808 593 969 683 clemens
1005 589 1088 668 aeee

111 735 245 808 aragne
271 710 376 782 Jesus
401 709 452 778 uit
465 733 475 778 :
488 706 632 796 ‚Paua
657 707 695 776 iu
725 727 854 776 manus
880 719 960 775 tues
993 725 1086 774 eom·

110 818 240 894 nunde
266 821 428 915 spiritam
455 839 585 891 meum.
606 817 653 886 Et
669 813 747 888 laec
764 813 884 886 dicens
900 812 1085 911 expiravit.

453 969 751 985 *μ*

164 1035 224 1111 sic
248 1063 313 1140 pro
337 1037 439 1110 nohis
464 1039 585 1136 utique
611 1037 781 1137 expiravit
806 1033 1089 1123 Homo-Deus;

110 1143 236 1245 (quod
252 1172 346 1220 nunc
363 1145 492 1219 arridet
508 1147 739 1246 appingere):
758 1143 1006 1242 descenditque
1024 1147 1090 1213 sta&

17 1275 18 1360 ᾗ
111 1257 180 1332 tim
205 1255 249 1328 ad
273 1257 403 1331 inferos
427 1255 528 1329 locali
546 1255 723 1350 descensu,
743 1255 945 1356 idestjuxta
970 1251 1090 1341 iidem,

110 1383 234 1440 contra
260 1365 415 1442 obtortas
443 1367 654 1441 Novantium
687 1367 1017 1466 interpretationes,
1045 1360 1090 1433 ad

110 1477 281 1550 Limbum
305 1476 526 1575 Abrahaeque
548 1477 673 1548 sinum.
691 1477 784 1548 Tum
801 1502 885 1550 vero
902 1475 1005 1548 tertie
1023 1472 1091 1562 die,

113 1606 199 1689 post
223 1603 278 1662 tot
302 1590 339 1666 in
364 1589 432 1663 vita
450 1588 709 1681 exinanitiones,
733 1589 953 1686 ignominias,
969 1585 1092 1658 exalta-

111 1715 173 1768 tus
198 1695 352 1787 tandem,
370 1724 451 1770 vere
470 1723 510 1770 ac
527 1697 673 1795 gloriose
690 1699 889 1787 resurrexit,
906 1712 998 1766 terra
1015 1694 1091 1767 Coe·

111 1804 220 1902 loque
246 1803 485 1903 gaudentibus,
504 1805 567 1876 etsi
592 1804 781 1906 irreligiose
799 1805 874 1876 falsi
894 1803 1091 1901 ingratique

112 1916 334 1988 Wolstonius
364 1933 467 2016 atque
501 1914 740 1989 Edelmannus
774 1943 856 1991 eum
893 1914 1022 1986 Deistis
1055 1913 1093 1982 in

112 2029 245 2101 Christi
277 2027 500 2127 prosiluerint
538 2030 847 2102 resurrectionem.
882 2027 968 2100 Post
1005 2025 1093 2096 item

17 2197 18 2200 ,
113 2136 344 2236 quadraginta
370 2137 495 2209 exinde
521 2135 594 2208 dies
620 2138 776 2210 aseendit
801 2135 845 2208 ad
871 2133 1023 2224 Caelum,
1045 2157 1094 2204 se·

17 2269 18 2292 ³
112 2247 234 2348 ditque
260 2247 526 2347 gloriosissimus
555 2247 600 2318 ad
630 2248 809 2322 dexteram
843 2247 964 2321 Patris.
992 2243 1094 2316 Illinc

115 2387 200 2459 ergo
225 2387 285 2433 sua
311 2382 375 2433 nos
400 2361 536 2432 JESUS
563 2361 791 2432 sacratissima
817 2360 938 2432 dextra
963 2357 1094 2456 jugiter

17 2477 18 2542 f
116 2469 301 2544 benedicat
326 2497 366 2544 ac
392 2472 520 2545 salvet!
539 2471 558 2510 *
625 2533 628 2540 .

159 2887 167 2902 '
184 2887 240 2938 llaec
256 2888 288 2938 de
304 2886 403 2940 Christo
421 2888 597 2955 disputavimus
614 2887 741 2937 salvatam
757 2885 852 2950 maadi,
863 2903 945 2956 quem,
965 2887 1098 2937 utiterum

116 2985 241 3048 repetam,
259 2981 325 3048 quod
342 2989 410 3046 grato
427 2996 523 3046 semper
538 2978 695 3030 recolendum
711 2982 855 3044 saturnino,
872 2976 1098 3047 principalioribus

117 3071 189 3122 titulo
206 3070 297 3138 fulgere
314 3073 415 3122 dicimus
432 3075 459 3121 in
475 3071 575 3139 spiritali
587 3085 669 3120 sensu.

159 3174 218 3224 Atat
235 3174 346 3226 Chn'stus
362 3173 441 3237 lesus,
459 3175 525 3241 quod
542 3175 640 3224 tandem
657 3161 753 3238 addam,
771 3177 797 3224 in
813 3169 1019 3240 Philosophorum
1037 3188 1099 3240 quo·

117 3283 166 3336 que
183 3269 300 3335 gratiam,
317 3282 348 3316 ex
364 3269 453 3316 eximio
471 3266 670 3318 Chateaubriand
686 3267 802 3336 aliisque,
820 3267 866 3317 diei
884 3269 956 3316 etlam
974 3273 1056 3334 potest
1072 3267 1099 3316 in

118 3377 194 3412 sensu
211 3359 336 3426 materiali,
353 3369 379 3410 et
395 3361 494 3428 quidem
511 3377 568 3411 vere
586 3363 694 3425 omnine,
706 3357 798 3412 litandi
808 3361 929 3413 Salvator.
941 3363 1040 3412 Etenim
1056 3361 1101 3411 hu·

119 3473 192 3506 mano
209 3471 306 3524 quoque
324 3455 397 3503 modo
414 3461 440 3504 ct
456 3470 530 3504 sensu
547 3458 568 3506 si
585 3453 720 3523 loquamur,
737 3455 791 3524 ejus
802 3459 929 3524 prasentia
946 3459 1100 3506 actransitus

119 3565 194 3618 saper
211 3557 329 3599 terrarum
346 3548 440 3613 orbem,
457 3547 502 3598 suit
518 3552 585 3617 apud
601 3548 712 3600 homines
728 3557 830 3602 eventus
847 3553 956 3601 omnium
972 3554 1101 3611 maximus·

17 3633 18 3666 l
119 3659 170 3712 quo
187 3642 263 3693 veluti
279 3649 306 3693 et
322 3641 408 3691 muudi
425 3639 470 3691 suit
486 3651 512 3691 et
529 3643 658 3694 mundanae
674 3646 795 3694 societatis
811 3647 927 3694 innovata
949 3642 1020 3692 iacies
1044 3648 1100 3710 post

17 3727 18 3762 l
94 3733 96 3736 ’
119 3737 244 3790 christiani
268 3735 392 3802 Evangelii
414 3737 616 3804 praedicationem.
635 3736 726 3787 Christi
749 3754 856 3804 nauaque
872 3735 1030 3802 Evangelium
1048 3744 1100 3785 tum

17 3891 18 3902 γ
120 3833 242 3884 societatis
259 3833 377 3882 universae
394 3837 447 3880 tum
463 3831 617 3884 scientiarum
634 3831 743 3880 omnium
759 3833 847 3881 avertit
862 3830 1036 3898 impedivitque
1053 3830 1100 3878 rui-

121 3943 178 3980 nam
195 3933 222 3975 et
237 3926 377 3978 interitum.
400 3978 401 3982 ,
