2932 4970
382 590 476 658 larel¹
492 587 551 656 olrl
569 585 686 676 probra
701 584 846 654 locorum
860 591 867 653 l
882 639 950 656 ....
976 583 1148 675 Digredior
1172 589 1281 658 enuel
1295 585 1382 658 l'er-
1456 479 1458 588 4

383 715 437 768 sor
460 696 494 760 iu
517 694 670 780 incept03
693 691 770 760 dum
794 714 810 756 a
837 684 1001 778 captandis
1028 692 1218 779 spectaculis
1250 693 1377 779 passio-

382 817 525 886 numque
548 795 672 882 pabulis
694 795 851 882 jurenilcs
868 797 1000 862 arrianos
1016 806 1135 862 averto.
1152 796 1230 872 Quo,
1247 797 1281 862 iu
1299 798 1375 882 ipso

382 896 525 986 profanis
549 895 750 960 saecularium
774 895 894 980 linguis
920 907 993 962 utor
1017 915 1090 962 cum
1107 895 1146 960 ad
1164 894 1379 964 obterendam

382 997 491 1066 saculi
515 997 665 1076 frontem,
690 1008 758 1064 tum
783 996 824 1063 ad
848 996 1090 1064 demulcendam
1104 997 1233 1083 juvenis
1253 1017 1377 1065 aurem.

432 1099 558 1184 Obaudi
583 1100 712 1166 interim
736 1097 832 1180 toto,
855 1100 1031 1167 naturalem
1054 1101 1145 1188 juxta
1169 1099 1271 1186 legem
1295 1100 1377 1168 ldu·

382 1221 464 1272 mmo
494 1203 714 1270 sanctissimo:
739 1203 1005 1284 Siciliamque,
1030 1218 1059 1269 et
1082 1225 1138 1290 epo
1169 1205 1311 1291 lapsura,
1341 1219 1376 1272 et

380 1321 453 1394 port
475 1328 562 1387 meo,
584 1308 616 1372 ri
636 1309 811 1388 videbitur,
840 1309 935 1372 aerbo
958 1307 1059 1372 ridete
1075 1359 1082 1374 .
1099 1359 1130 1374 ..
1159 1307 1272 1388 Qraore
1296 1332 1374 1396 erqo

381 1411 484 1498 impii
504 1411 672 1477 arbenii.
689 1462 696 1478 .
713 1462 721 1477 .
746 1424 856 1477 teroem
887 1423 1092 1500 tympanum
1122 1425 1151 1477 et
1176 1413 1374 1501 cytharam,

383 1526 414 1579 et
435 1515 584 1598 qaedam
607 1513 652 1577 od
666 1513 817 1578 auaitum
843 1513 1027 1598 erponi...
1051 1513 1088 1578 r're
1110 1525 1235 1598 peracto
1259 1515 1305 1578 ad
1317 1514 1373 1578 r'n-

382 1620 482 1702 semo
503 1618 718 1700 descendunt,
733 1617 796 1703 pai
809 1617 967 1682 deberent
989 1615 1075 1684 Deo:
1099 1617 1208 1682 recedo
1225 1639 1246 1680 o
1267 1618 1373 1684 nobr's.

387 1717 473 1796 Quid
496 1725 532 1783 lu
556 1726 662 1782 autem
677 1715 765 1783 Jobl
788 1717 906 1805 Pepr'pi
916 1720 1036 1803 scedras
1052 1739 1133 1784 carm
1157 1719 1262 1784 aeolis
1276 1719 1375 1801 meir,

384 1835 426 1888 ert
447 1844 488 1886 are
519 1819 696 1905 copitarcm
724 1822 861 1910 porilem
892 1825 930 1887 de
956 1821 1090 1907 Virpr'rae
1106 1873 1113 1888 .
1130 1873 1137 1888 .
1154 1872 1187 1888 ..
1211 1823 1300 1906 ipsuis
1325 1837 1373 1888 ert

382 1949 492 2014 aerque
516 1927 562 1991 ad
579 1925 993 2014 perditionemdeaorooa,
1009 1939 1039 1990 ct
1058 1926 1174 1991 omnio
1198 1925 1373 1993 eradicans

382 2027 559 2116 genimina
570 2079 577 2094 .
590 2078 619 2096 ..
643 2051 774 2116 semper
788 2030 879 2095 enim
895 2030 997 2118 peruri
1010 2041 1176 2098 remeares
1198 2051 1372 2118 corporane
1457 2033 1458 2050 ¹

379 2132 507 2216 fiucraa
528 2129 635 2194 timei
654 2130 787 2196 Deam.
811 2129 884 2206 Quo
914 2149 992 2196 vero
1018 2127 1055 2196 fit
1082 2149 1168 2196 novo
1194 2129 1373 2211 miraculo,

383 2231 491 2312 irater,
508 2230 570 2297 tuis
592 2241 630 2298 ut
652 2242 689 2298 tu
712 2249 786 2298 eum
810 2231 911 2298 oculis
934 2251 1055 2318 pangas
1078 2243 1206 2318 pactum
1222 2233 1257 2298 in
1280 2232 1372 2298 tlrea·
1457 2291 1458 2294 ,

384 2333 455 2412 tris,
470 2341 503 2397 et
525 2350 591 2397 non
614 2331 660 2396 ibi
684 2333 854 2417 recogites,
869 2333 895 2397 si
913 2329 1051 2400 videaris
1068 2352 1104 2398 ac
1120 2331 1242 2411 videas,
1257 2342 1290 2398 et
1305 2331 1374 2396 vir·
1457 2321 1458 2334 ¹

384 2433 476 2518 giues
499 2443 531 2504 et
553 2452 619 2499 non
643 2432 816 2519 virgines?
842 2453 903 2520 qua
927 2431 962 2500 stt
986 2445 1066 2514 arte,
1090 2445 1127 2500 ut
1151 2443 1198 2500 tot
1215 2434 1300 2500 iuter
1315 2429 1373 2498 ssa·

383 2531 465 2600 bella
487 2533 660 2602 libidinum
683 2545 716 2600 et
731 2534 946 2602 blandimenta
967 2555 1141 2618 sensuum,
1164 2536 1369 2620 musicusque

384 2637 601 2704 cantiunculas
621 2648 657 2704 et
672 2656 769 2704 sonos
792 2658 859 2703 non
874 2639 1058 2706 exardescat
1082 2640 1168 2724 ignis
1191 2637 1232 2706 ud
1254 2637 1370 2726 perdi·

384 2737 516 2818 tionem,
538 2757 575 2804 au
599 2736 761 2823 genimina
784 2739 944 2806 virtutum
967 2740 1138 2806 eradicet?
1193 2807 1195 2812 .

431 2839 724 2922 blericulosiorum,
748 2842 821 2924 ain’,
835 2852 868 2908 et
891 2843 1162 2910 incontinentium
1190 2843 1277 2910 bunc
1301 2860 1373 2910 esse

384 2939 552 3012 clamorem
568 2941 593 3016 i,
606 2960 713 3008 noune
744 2943 792 3010 bis
823 2943 1026 3031 philosophia
1058 2943 1209 3010 reclamat
1240 2943 1373 3010 urbani-

383 3064 423 3116 or
434 3045 503 3110 i÷0.
519 3045 627 3112 saeculi
643 3045 821 3112 miserabile
845 3046 1048 3134 perfugium!
1073 3058 1106 3112 et
1120 3049 1217 3112 aerbo
1234 3047 1373 3124 molitio

386 3149 432 3212 ad
445 3149 653 3228 excaecandos
670 3149 896 3217 excaecationis
911 3149 948 3214 r'rr
962 3149 1120 3234 peccatrici
1139 3147 1276 3214 Prodeat
1292 3165 1372 3232 orgo

385 3247 592 3334 plrilosoplrus
616 3267 652 3318 ac
678 3247 830 3328 medicus,
847 3249 938 3335 isque
961 3259 1120 3314 recenset
1137 3248 1170 3313 iu
1188 3258 1297 3314 nostra
1313 3247 1370 3314 ad-

384 3349 449 3417 huc
472 3350 580 3416 uirens
596 3349 775 3426 urbanitate
800 3361 991 3438 temporum,
1007 3351 1051 3418 (ll.
1068 3352 1371 3440 eruditissimusque

376 3455 502 3540 ‚ioseph
527 3453 697 3532 FraultiuS,
711 3455 811 3540 partis
834 3455 869 3519 lt
886 3455 1031 3528 Pronoea
1054 3456 1184 3524 Medica
1208 3453 1369 3522 tantaene

386 3558 527 3624 sectione
551 3555 663 3644 deep.
680 3555 720 3622 al
738 3585 745 3624 :
771 3585 791 3617 a
807 3557 853 3624 dd
871 3578 1010 3626 amorem
1027 3559 1265 3647 disponunt...
1288 3558 1368 3625 eda·

386 3657 471 3722 catio
494 3653 679 3736 effeminata,
703 3659 834 3738 musica,
858 3658 1001 3726 studium
1025 3679 1167 3747 poeseos,
1191 3660 1309 3726 artium
1332 3658 1370 3724 li·

385 3755 540 3829 beralium
556 3757 590 3822 in
606 3778 734 3843 genere,
746 3758 859 3824 sabula,
877 3759 1052 3828 milesia...
1070 3761 1116 3826 Ad
1134 3759 1370 3844 conciliandum

386 3879 528 3930 amorem
552 3860 632 3947 quid
655 3862 757 3928 ualeat
781 3863 912 3946 musico,
936 3883 985 3930 res
1015 3859 1046 3928 in
1072 3863 1242 3949 propatulo
1266 3874 1321 3928 cst.
1339 3863 1368 3926 S.

389 3963 471 4032 llice.
487 3962 534 4032 ad
558 3963 676 4032 Letum
700 3965 842 4034 scribens
863 3964 966 4052 jubet,
985 3976 1019 4056 up
1035 3963 1098 4034 filia
1114 3967 1183 4053 ejus
1207 3965 1304 4034 surda
1328 3966 1369 4032 sit
