2942 4962
392 443 467 522 174
642 465 694 516 tn
720 468 755 515 rr
781 459 950 512 sccrroms
976 461 1011 508 tv
1036 459 1067 510 c
1091 459 1115 507 n

389 585 460 662 que
483 557 533 632 itu
551 556 690 630 corruit
714 551 890 652 praecipua
916 546 1066 646 objectio
1093 544 1388 639 Socinianorum32

391 694 480 769 quos
506 682 546 738 tu
572 661 761 739 ostendens
773 657 1014 756 fabricatores
1040 655 1220 730 mendacii
1230 649 1277 728 'et
1301 655 1376 732 cul·
1461 660 1462 704 l

394 791 485 850 tores
504 797 754 874 perversorum
779 768 1015 865 dogmatum,
1039 761 1182 836 eosdem
1198 763 1257 836 -sic
1290 762 1377 840 Johi
1461 855 1462 866 ἵ

393 887 532 986 eloquio
550 910 682 986 carpas:
700 878 878 980 numquid
892 879 990 952 Deus
1009 875 1140 974 indiget
1153 890 1262 954 aestro
1280 900 1379 950 men·

392 995 510 1084 dacio,
536 1011 576 1068 ut
597 1019 666 1092 pro
693 991 753 1063 illo
781 990 979 1090 loquamini
1003 986 1133 1059 totos?

442 1101 634 1176 Obsistunt
660 1101 826 1198 Iniquum
852 1114 914 1190 est,
930 1097 1169 1186 innocentem,
1186 1091 1297 1192 qualis
1319 1108 1376 1166 est

393 1216 553 1290 Christus
578 1215 690 1304 lesus,
714 1238 780 1312 pro
806 1236 867 1284 reo
884 1209 1023 1310 puniri:
1050 1234 1135 1306 ergo
1146 1206 1279 1307 justitia
1295 1205 1378 1297 Dei,

390 1339 432 1396 ut
457 1322 522 1396 sibi
548 1323 753 1414 satisfieret,
778 1319 868 1394 velle
893 1345 965 1392 nou
991 1319 1109 1421 potuit
1132 1319 1214 1392 Jesu
1241 1316 1377 1390 Christi

392 1435 677 1508 substitutionem
703 1458 744 1508 ac
769 1447 932 1505 morum.
958 1405 1001 1529 lb.
1026 1431 1123 1504 Dist.
1139 1425 1373 1503 antecedens:

391 1545 420 1620 si
445 1548 614 1620 innocens
632 1547 705 1618 iste
732 1545 776 1617 sit
800 1543 991 1643 fidejussor,
1017 1543 1077 1640 qui
1102 1541 1173 1628 tali
1192 1557 1232 1614 et
1247 1540 1377 1614 lubens
1462 1578 1463 1586 ¹

391 1673 429 1732 et
452 1657 609 1758 leptima
635 1655 841 1730 auctoritate
871 1655 1127 1744 constituatur,
1153 1569 1221 1743 aba
1231 1651 1377 1726 evidens
1462 1681 1463 1704 ¹

393 1769 512 1840 estin
536 1767 693 1858 Christo,
717 1766 755 1836 in
781 1789 862 1862 quo,
887 1763 964 1863 ipso
990 1788 1027 1834 se
1053 1741 1374 1864 offerenteffl

394 1879 576 1952 Dominus
596 1880 818 1975 iniquitatem
834 1878 1001 1947 omnium
1017 1889 1193 1960 nostrum,
1208 1874 1246 1944 in
1263 1863 1387 1971 quem*
1421 1911 1436 1930 ·-

391 1988 475 2064 ideo
498 2006 642 2091 peccata
679 1989 862 2061 hominum
902 1985 1018 2085 quoad
1050 2011 1174 2086 poenas
1206 1983 1374 2058 translata

392 2115 581 2176 censentur
593 2129 604 2191 ,·
628 2123 720 2196 nego
747 2094 979 2188 antecedens,
1010 2097 1039 2168 si
1063 2121 1136 2168 non
1170 2097 1217 2166 sit
1240 2121 1302 2168 vas
1336 2109 1375 2165 et

391 2229 564 2305 sponsor,
588 2221 648 2296 aut
673 2209 825 2278 humana
852 2207 1057 2278 auctoritate
1083 2205 1240 2276 trahatur
1264 2203 1302 2274 in
1326 2203 1378 2276 lo·

391 2336 474 2384 cum
492 2315 604 2387 sontis
629 2313 674 2386 ad
700 2313 923 2414 supplicium,
950 2312 1011 2384 uhi
1028 2313 1224 2414 praesertim
1243 2312 1371 2410 gravis·

391 2423 479 2494 sima
504 2425 695 2522 sequantur
719 2422 954 2516 incommoda,
980 2449 1010 2496 c.
1036 2422 1254 2498 antecedens.
1278 2423 1377 2495 Deus

390 2532 556 2633 equidem
580 2535 696 2634 legem
721 2537 798 2608 lixit
818 2533 997 2634 judicibus
1013 2533 1131 2608 Exodi
1150 2537 1208 2626 24,
1225 2560 1299 2607 non
1316 2559 1375 2606 oc·

391 2643 557 2716 ridentur
564 2660 686 2743 patres
696 2670 764 2743 pra
779 2644 887 2736 filiis,
904 2640 1016 2743 neque
1029 2644 1106 2740 fittt
1119 2668 1184 2740 pro
1199 2641 1375 2741 patribus,
1463 2715 1464 2726 ,

392 2750 454 2834 sed
477 2754 719 2851 unusquisque
738 2777 809 2851 pro
829 2768 979 2851 peccato
1007 2779 1070 2826 suo
1091 2755 1285 2840 .morietur;
1311 2779 1371 2823 ne-

393 2887 463 2959 que
488 2863 651 2936 homines
675 2864 880 2938 innocentes
902 2866 958 2964 jus
982 2863 1114 2936 habent
1139 2862 1377 2962 profundendi
1463 2857 1464 2880 i

390 2975 499 3048 vitam
524 3001 590 3074 pro
615 2977 755 3074 iniquis,
771 2977 839 3051 nisi
865 2976 1009 3049 sortasse
1036 3003 1079 3048 ex
1105 2975 1162 3048 illa
1189 2978 1374 3069 charitate,
1463 3033 1464 3084 ,

393 3113 462 3185 qua
487 3086 602 3162 bonus
628 3089 756 3162 Pastor
778 3093 941 3160 animam
959 3113 1064 3160 sumn
1081 3087 1141 3159 dat
1161 3112 1226 3185 pra
1250 3087 1374 3161 ovibus

392 3198 477 3268 suis.
503 3195 581 3286 Ast,
607 3213 736 3295 praeter
762 3197 879 3268 allatas
906 3197 1086 3268 Christum
1099 3197 1192 3293 juste
1210 3195 1375 3267 substitu-

393 3301 476 3374 endi
501 3304 731 3394 conditiones,
748 3331 786 3374 ea
804 3305 882 3401 lege
899 3330 972 3376 non
990 3305 1150 3403 alligatur
1163 3305 1295 3403 justitia
1313 3305 1379 3375 Su-

392 3412 506 3508 premi
530 3411 775 3502 Dominatoris3
794 3415 865 3510 qui,
883 3439 994 3484 unum
1011 3439 1077 3513 pro
1094 3413 1162 3484 alio
1179 3411 1378 3486 identidem

391 3515 616 3612 substituens,
642 3520 805 3591 Chanaan
828 3518 1067 3592 maledictioni
1093 3519 1237 3620 subjecit
1254 3517 1300 3592 oh
1317 3548 1378 3594 no

392 3652 475 3698 xam
502 3628 615 3699 Cham
641 3629 702 3700 filii
727 3629 813 3720 Noe,
839 3645 875 3701 et
891 3629 937 3705 oh
954 3646 1139 3729 peccatum
1165 3627 1377 3703 Davidicum

392 3750 491 3836 peste
517 3761 537 3808 e
563 3739 648 3813 vivis
674 3740 846 3812 subtraxit
862 3742 1080 3840 septuaginta
1097 3741 1280 3812 hominum
1298 3740 1377 3810 mil-

393 3847 451 3941 lia,
472 3864 508 3920 et
525 3850 628 3924 sicin
646 3853 897 3955 temporalibus
915 3856 1027 3926 autin
1045 3852 1281 3952 corporalibus
1293 3851 1378 3950 sor·
