2908 4962
363 525 434 598 132
609 548 672 594 ιιι.
697 547 732 595 rv
759 507 928 594 secutoris
953 545 991 592 ur
1015 545 1046 594 c.
1072 547 1083 592 ι

361 651 489 710 cuntur
513 635 550 706 in
573 631 785 731 Euangelus,
810 633 1061 729 consanguinei
1078 657 1119 705 ac
1135 630 1339 706 consobrini

359 748 433 846 ejus
457 760 561 835 sunt3
587 743 669 816 hinc
686 742 732 814 ad
748 741 897 814 Helvidii
928 757 1177 840 argumentum
1201 769 1236 812 n.
1259 768 1344 814 con·

360 857 589 953 sequentiam.
614 855 878 951 Imperitissimc
904 851 1107 944 hominum,
1122 852 1171 923 ita
1192 850 1339 924 demum

361 966 526 1040 adversus
544 992 626 1036 eum
643 965 770 1036 insistit
786 965 1032 1062 Hieronymus,
1050 961 1218 1059 responde
1234 960 1342 1050 milri,

364 1077 541 1177 quomodo
559 1078 665 1149 Iesus
682 1078 726 1148 sit
733 1073 837 1176 filius
854 1071 1001 1172 Joseplz,
1014 1098 1121 1171 quem
1137 1088 1278 1145 constat
1296 1073 1344 1146 dc

363 1189 434 1285 Sp.
462 1187 595 1260 Sancto
630 1211 702 1258 esse
723 1184 988 1281 procreatum?
1014 1184 1077 1256 An
1104 1182 1341 1281 putabatur?

369 1297 463 1374 Vere
486 1294 622 1394 Joseplr
642 1311 748 1392 pater
757 1293 873 1390 ficit?
900 1293 1073 1393 Quamvis
1088 1295 1136 1368 sis
1153 1289 1274 1381 hebes,
1289 1291 1342 1365 di-

363 1435 441 1484 cere
467 1436 541 1484 uon
565 1407 720 1481 credebis.
746 1407 881 1480 Eodem
912 1406 1018 1478 modo
1053 1409 1274 1479 resumeretur
1304 1421 1341 1480 et

350 1520 504 1615 fratres,
528 1542 597 1616 quo
615 1520 808 1588 (estimatus
833 1531 886 1589 est
902 1531 1017 1614 pater.
1036 1515 1054 1552 *

411 1694 530 1762 Phor.
551 1691 604 1760 111.
628 1691 748 1761 Christi
772 1693 897 1760 domiui
921 1691 1046 1782 Corpus
1062 1691 1166 1758 dolori
1189 1692 1345 1758 sensitivo

363 1810 398 1868 et
421 1797 643 1868 communibus
667 1795 845 1864 defectibus
868 1795 930 1863 luit
953 1796 1155 1878 obnoxium
1178 1798 1271 1885 qood
1297 1808 1346 1868 m

364 1906 405 1970 de
424 1905 509 1990 fide:
533 1921 599 1966 nou
624 1910 730 1966 autem
754 1898 868 1968 habuit
890 1898 1034 1966 Christus
1057 1897 1271 1986 particulares
1284 1897 1342 1964 de·

365 2002 468 2070 iectus
490 1999 669 2082 hominum,
691 1999 759 2066 sivo
782 1999 913 2068 morbos
928 2000 996 2065 sive
1011 1999 1263 2080 deformitatem
1284 2000 1346 2065 im·

364 2115 417 2172 mo
442 2105 558 2172 eximia
580 2103 690 2170 lormae
714 2113 884 2170 venustate
907 2101 1079 2190 splenduit

413 2265 519 2340 Proh·
546 2269 584 2338 1ι
609 2293 699 2367 pars.
725 2265 832 2358 Quod
865 2266 910 2339 de
945 2269 1086 2342 Christo
1120 2267 1349 2368 prophetavit

363 2375 469 2448 Isaias
494 2401 524 2447 c
551 2375 610 2466 53,
636 2399 712 2448 vere
742 2375 930 2472 languores
956 2391 1093 2450 nostros
1110 2379 1182 2474 ipse
1199 2375 1294 2462 tulit,
1309 2387 1347 2446 et

365 2483 501 2556 dolores
518 2498 655 2556 nostros
673 2486 744 2581 ipse
754 2487 925 2582 portavit,
937 2484 1062 2558 habuit
1073 2485 1234 2587 prolecto
1252 2510 1347 2557 com·

365 2593 595 2693 plementum‚
623 2609 663 2665 ut
688 2595 788 2667 Mart.
814 2596 839 2666 4
865 2623 897 2668 v.
921 2597 1068 2688 2410.
1093 2625 1125 2670 v.
1152 2599 1174 2668 6
1201 2595 1348 2693 aliisquo
1452 2625 1453 2634 ¹

364 2703 451 2776 locis
476 2719 628 2806 apparet
647 2704 785 2778 Scilicet
803 2705 961 2780 Salvator
977 2705 1186 2799 adorandus,
1211 2707 1265 2779 vir
1286 2705 1350 2780 do·

408 3128 416 3145 ⁶
434 3130 637 3198 Quandoquidem
654 3133 747 3195 Jesum,
764 3139 790 3181 et
797 3126 908 3197 jhbrum
924 3130 1028 3184 Mutuo
1044 3141 1070 3183 et
1086 3133 1127 3183 hle
1143 3119 1351 3182 neutralium
1451 3131 1452 3172 l

357 3217 437 3288 fibri
451 3222 543 3271 dictum
560 3238 621 3286 esse,
638 3225 792 3290 percipimus,
808 3226 909 3272 innuam
926 3223 996 3274 vobis
1013 3226 1044 3274 ad
1060 3225 1177 3274 doctrinae
1198 3227 1352 3290 varietatem,

368 3315 444 3364 videri
461 3313 586 3364 Christrun
603 3313 672 3380 juata
688 3315 762 3363 Marci
780 3314 920 3380 dictionem,
936 3318 1004 3384 quod
1020 3319 1047 3367 in
1057 3326 1110 3367 arte
1121 3311 1200 3366 fabrili
1214 3315 1354 3367 exercenda

363 3404 457 3473 juverit
473 3405 614 3473 losephurn:
626 3406 691 3456 lrunc
707 3415 791 3455 autem
808 3405 882 3456 fuisse
898 3406 994 3458 fabrum
1002 3407 1075 3476 juxta
1086 3407 1238 3474 Mattlraeum;
1249 3424 1280 3460 ex
1290 3407 1354 3458 Am-

366 3497 449 3548 brosio
460 3499 558 3566 quidem
574 3506 599 3548 et
617 3497 705 3549 llilario
711 3497 864 3564 senorium,
882 3517 913 3550 ex
933 3503 1035 3568 lingone
1051 3501 1192 3552 murun’rcm
1208 3501 1248 3553 vel
1263 3500 1355 3570 aunfi-
1450 3537 1451 3570 p

365 3610 432 3655 cem,
449 3595 549 3644 doctore
564 3601 645 3647 autem
669 3592 846 3658 Chrysostomo
862 3604 888 3645 et
905 3596 996 3648 Graecis
1013 3596 1209 3666 omnibus,quos
1225 3603 1354 3648 secuntur
1425 3645 1428 3650 .
1450 3591 1451 3660 ζ

369 3688 477 3755 Aquinas
493 3695 519 3737 et
535 3686 575 3738 alii
592 3686 671 3754 vulgo,
689 3687 831 3756 ligrrora'unr.
848 3690 919 3742 Unde
936 3689 988 3740 haec
1004 3690 1058 3758 lego
1079 3707 1155 3760 penes
1179 3691 1303 3741 lustinum
1323 3691 1355 3741 iu

371 3781 434 3832 Dial.
452 3799 508 3832 curn
525 3780 660 3849 Tryphone.
677 3800 730 3850 cap
748 3785 780 3835 88
791 3782 919 3849 :fabrilia
936 3802 1011 3853 opera
1018 3783 1145 3852 ficiclot,
1157 3801 1215 3835 cum
1231 3780 1358 3832 r'nterlto·

369 3877 444 3926 micres
461 3888 613 3938 versaretur,
630 3889 718 3925 urutm
728 3876 840 3944 alsugo,
859 3877 898 3928 lu's
916 3877 987 3928 rebus
1004 3880 1079 3928 etiam
1096 3879 1203 3947 [ustiure
1227 3876 1355 3945 iusignia,

370 3981 394 4020 et
411 3969 487 4020 vitam
503 3981 631 4021 actuosam
648 3965 745 4018 docens.
764 3969 813 4019 Sed
830 3969 881 4020 huc
899 3987 942 4038 per
959 3979 1124 4024 transcursum
1144 3972 1208 4022 dicta
1224 3976 1308 4020 sunto.
