2908 4962
395 581 468 657 tlt
644 605 706 656 ιιι.
731 606 767 656 ιι
793 603 965 656 suenone
990 607 1014 654 ιι
1040 606 1070 666 ι.
1096 607 1120 656 ιι
1269 642 1293 664 .,

388 709 447 768 ιιι
470 690 646 796 reperitur:
672 717 759 793 ergo
783 709 874 768 ete..
891 667 935 790 ll.
950 693 1051 793 Nego
1067 693 1246 792 sequelam
1264 711 1304 768 et
1323 724 1389 797 pu-

384 808 534 881 nutem
557 804 755 881 Discrimen
781 819 846 899 est,
870 803 967 904 quod
993 803 1150 898 cadaver,
1166 807 1277 880 etium
1303 810 1387 881 sine

386 913 565 1016 sunguine,
590 930 750 988 sumatur
774 937 842 1015 pro
867 929 954 1008 toto,
979 915 1163 988 communi
1187 916 1386 988 hominum

385 1025 606 1129 loquentium
631 1051 709 1118 usu,
732 1026 868 1099 nonita
886 1049 972 1100 vero
997 1026 1156 1126 sanguis:
1185 1026 1287 1101 unde¹
1308 1053 1386 1101 cer·

386 1161 433 1212 m
458 1134 574 1210 Moevii
599 1131 746 1238 sepulte,
771 1133 900 1208 dicitur
924 1136 1069 1210 Mevius
1102 1135 1283 1237 sepultus,-
1305 1165 1384 1211 san·

387 1243 496 1344 guine'
518 1257 637 1315 eutem
662 1240 778 1315 Maevii
804 1241 914 1316 effuso
940 1259 1001 1315 out
1026 1243 1186 1336 collecto,
1211 1245 1311 1318 houd
1334 1247 1384 1320 di·

386 1357 478 1430 eitur
503 1355 648 1430 Mevius
672 1353 800 1427 effusus
827 1349 881 1429 vel
907 1353 1083 1428 collectus.
1103 1357 1153 1428 lta
1174 1356 1381 1432 Francisca-

386 1495 453 1544 nm
478 1469 604 1542 llenno
629 1465 779 1540 breviter
805 1491 868 1539 suo
893 1491 992 1540 more
1018 1468 1168 1568 reponit.

439 1579 604 1680 Arguunt
632 1577 670 1651 3⁰
695 1593 817 1651 eontra
842 1578 1074 1680 posteriorem
1100 1579 1243 1652 Thesin.
1268 1580 1379 1656 Atha·

391 1690 507 1766 nasius
532 1713 608 1792 cup.
635 1683 655 1762 7
682 1685 764 1761 libri
790 1689 846 1762 De
864 1691 1032 1788 passione
1062 1689 1238 1786 Imaginis
1255 1692 1308 1762 D.
1326 1691 1377 1766 N.

384 1799 503 1892 refert,
528 1797 745 1898 sanguinem,
771 1798 830 1896 qui
852 1797 947 1874 velut
964 1799 1094 1872 Christi
1112 1798 1377 1891 circumfertur,

386 1935 457 1984 non
484 1933 558 1982 esse
584 1933 677 1998 erim,
702 1906 764 2005 qui
790 1907 862 2007 ejus
887 1904 989 1979 fluxit
1015 1933 1035 1977 e
1061 1933 1221 2007 corpore,
1248 1908 1316 1981 sed
1338 1909 1378 1980 il-

385 2017 472 2110 lum,
497 2016 558 2118 qui
583 2043 627 2090 ex
652 2016 803 2116 imagine
830 2016 971 2108 Christi,
996 2041 1016 2087 a
1042 2015 1175 2088 Judaeis
1204 2043 1375 2116 percussa

384 2125 504 2228 Beryti
530 2127 567 2198 in
594 2127 704 2227 Syria,
730 2123 893 2198 defluxit:
919 2126 1048 2224 aitque,
1073 2153 1145 2199 uon
1162 2125 1270 2198 alium
1298 2153 1376 2199 san·

387 2237 529 2336 guinem
553 2235 592 2307 in
618 2237 720 2309 terris
745 2236 905 2326 inveniri,
929 2238 1001 2310 nisi
1050 2235 1170 2322 illum,
1194 2239 1258 2334 qui
1278 2239 1321 2310 in
1338 2266 1376 2310 a·

385 2371 425 2418 ro
451 2346 573 2420 ultoris
594 2371 661 2442 per
684 2371 815 2419 neonus
834 2347 1070 2420 Sacerdotem
1095 2348 1249 2445 quotidie
1272 2351 1373 2446 spiri-

384 2455 529 2528 ιιιιιὶιίιι
551 2453 714 2558 efficitur.
741 2457 799 2528 Sic
824 2456 977 2529 loannes
1002 2455 1046 2528 de
1072 2458 1372 2532 Turrecrementu

386 2567 646 2644 Dominicunus.
672 2541 715 2665 ll.
742 2569 896 2640 Censent
920 2569 1092 2657 nonnulli,
1118 2569 1315 2642 Auctorem
1335 2569 1372 2642 il-

383 2677 470 2772 lum,
495 2677 578 2752 lieet
602 2705 674 2752 nou
700 2695 828 2780 porvael
844 2679 889 2750 sit
913 2679 1149 2771 auctoritatis,
1174 2679 1268 2752 haud
1292 2706 1373 2752 esse

384 2807 502 2866 temen
529 2789 759 2863 Athanasium
784 2789 975 2890 Magnum3
1002 2788 1290 2886 quandoquidem
1326 2815 1371 2862 ex

383 2899 532 2976 turonio
557 2925 764 3002 supremum
789 2899 847 2972 hic
873 2898 967 2970 diem
992 2897 1080 2971 obiit
1097 2924 1127 2969 a.
1146 2895 1232 2990 372,
1249 2914 1286 2969 at
1302 2900 1369 2970 mi·

383 3012 540 3088 ruculum
567 3011 654 3086 illud
679 3013 796 3086 evenit
821 3040 851 3084 u.
879 3009 962 3085 765.
980 3009 1050 3082 Sed
1074 3009 1267 3082 liberaliter
1292 3037 1371 3108 aga·

384 3147 473 3196 urus.
500 3121 553 3194 Sit
577 3119 635 3194 ille
662 3122 708 3194 Μ.
726 3120 955 3192 Athanasius:
979 3121 1011 3191 ei
1028 3147 1112 3194 vero
1128 3121 1181 3192 ΙΙΙ
1197 3123 1370 3210 Leonem,

383 3245 419 3302 et
445 3231 512 3304 Vll
538 3229 734 3302 iunocentii
763 3228 901 3302 Bullam
927 3246 963 3302 et
988 3230 1093 3302 aliam
1117 3230 1170 3302 Pii
1196 3231 1232 3301 Π
1257 3231 1368 3322 item,

381 3341 535 3442 itemque
548 3341 680 3415 lulium
693 3343 726 3412 ll
744 3357 780 3414 et
796 3343 988 3416 Ductorem
1005 3343 1215 3442 Angelicum
1237 3345 1370 3443 Quodl.

382 3449 403 3524 5
429 3475 462 3522 ιι.
491 3449 527 3538 5,
553 3449 648 3553 pium
670 3475 811 3550 quoque
837 3454 997 3526 omnium
1024 3480 1114 3554 pene
1141 3453 1299 3525 fidelium
1324 3481 1369 3524 ex

381 3555 526 3634 uduorto
556 3559 781 3634 traditionem
815 3565 1004 3664 ponimus3
1030 3564 1067 3633 in
1102 3579 1252 3662 tutoque
1285 3561 1368 3634 ideo

370 3665 517 3763 ‚Thetin
543 3683 582 3744 ut
607 3671 716 3774 prior,
742 3671 818 3746 haec
844 3689 1022 3773 postrema
1048 3671 1157 3744 sedet.
