2932 4970
328 563 371 612 nt
389 561 516 611 incana.
533 561 652 611 rosen.
669 559 713 611 er
729 561 807 614 ann
825 564 895 612 ner.
1027 531 1095 638 ³75

110 665 165 743 te,
186 649 244 750 jus
269 649 349 724 vitae
376 665 412 720 et
436 648 533 721 necis
558 648 718 721 Seniores
743 649 950 723 exercebant
970 651 1008 723 in
1032 649 1096 724 ‘Ju-

110 760 214 834 daeos
238 786 303 863 per
329 758 531 832 Chaldaeam
556 785 696 858 quoque
718 758 901 860 dispersos,
917 787 960 833 ex
976 762 1096 838 Danie·

109 871 151 944 le
177 873 368 972 propheta:
395 895 435 942 ac
460 867 586 940 exinde
613 867 657 940 de
684 867 807 940 eadem
832 867 926 940 tribu
952 871 1098 946 Zoroha·

108 978 185 1074 bel,
207 982 319 1079 Regio
344 979 484 1055 Davidis
510 981 678 1079 sanguine
704 995 916 1079 prognatus,
939 977 1098 1080 legislati-

109 1115 199 1162 vum
225 1087 372 1160 subinde
398 1103 609 1188 potestatem
626 1105 663 1160 et
679 1088 786 1160 Ducis
803 1113 933 1160 nomen
954 1091 1098 1192 accepit.

112 1200 238 1273 Soluta
263 1227 347 1274 vero
372 1201 574 1300 captivitate
592 1200 810 1273 Assamonaei
828 1225 888 1271 seu
906 1201 1098 1274 Machabaei

112 1312 335 1413 praesuerunt
360 1310 466 1384 tribui
491 1311 603 1404 Judae,
629 1310 690 1384 sed
708 1310 839 1382 eisdem
856 1315 1100 1386 auctoritatem

115 1422 404 1496 communicabat
428 1420 540 1494 tribus
565 1422 665 1516 Juda3
692 1449 771 1522 quae
798 1423 962 1495 Summos
984 1424 1101 1497 Sacer·

113 1532 220 1607 dotes
246 1533 289 1605 de
316 1533 410 1604 tribu
434 1535 533 1624 Levi,
550 1532 663 1632 deque
690 1561 751 1606 sua
778 1533 1013 1622 Sanhedrim,
1039 1561 1099 1608 seu
1189 1587 1192 1592 -

108 1645 276 1744 judicum
302 1630 502 1718 consessum
536 1671 748 1744 magnumve
774 1663 910 1729 Συνεδριον,
929 1645 1097 1743 eligebat3

110 1757 210 1828 ‘idest
236 1757 413 1846 Senatum,
439 1757 500 1854 qui
526 1757 599 1855 ejus
623 1759 766 1829 nomine
793 1773 829 1829 et
852 1757 988 1856 legibus
1011 1783 1101 1829 rem·

115 1866 297 1968 publicam
324 1884 471 1964 gereret,
497 1866 765 1940 administraret.
789 1868 878 1940 Vide
905 1884 1010 1968 caput
1034 1867 1096 1940 ult.

116 1978 235 2076 quarti
256 1975 315 2048 lib.
342 1980 426 2076 Reg.
452 1995 489 2050 et
514 2005 648 2050 nonum
665 1978 725 2050 lib.
753 1984 767 2052 1
801 1978 1099 2052 Machabaeorum:

116 2115 270 2188 quorum
289 2087 408 2178 ductu,
434 2115 573 2161 necnon
600 2115 681 2194 cum
708 2090 894 2162 Melchiore
913 2090 1010 2162 Cano
1027 2088 1049 2159 l.
1076 2093 1098 2161 2

119 2198 166 2271 de
183 2201 289 2273 Locis
308 2226 337 2272 c.
356 2198 554 2294 undecimo,
571 2191 677 2276 breve
694 2227 902 2301 responsum
919 2202 996 2292 hoc,
1013 2200 1097 2299 quin

117 2307 184 2380 alia
209 2335 425 2409 promamus,
451 2312 530 2406 sine¹
552 2309 698 2410 ambage
723 2312 912 2412 posuimus.

172 2420 281 2520 Objic.
318 2421 350 2493 3.
387 2423 483 2495 Scito
516 2417 698 2520 designare
732 2423 824 2495 valet
858 2425 1003 2521 Moysen
1033 2419 1096 2491 aut

118 2528 308 2619 Davidem3
338 2531 527 2603 autetiam
554 2531 895 2622 Nabuchodonosori,
921 2528 1100 2626 Pompejo,

119 2638 263 2728 Herodi,
286 2641 500 2740 Vespasiano
527 2642 713 2715 convenire
748 2655 886 2741 potest:
920 2662 983 2709 cnr
1016 2658 1101 2733 ergo
1140 2735 1142 2742 Α

120 2763 258 2847 aptatur
283 2752 366 2824 Jesu
390 2751 593 2824 Nazareno?
611 2727 654 2847 lb.
671 2752 711 2824 N.
738 2749 953 2822 antecedens
980 2746 1097 2819 Nemo

119 2874 181 2951 est,
197 2876 237 2932 ut
253 2862 414 2959 generice
440 2863 516 2934 haec
534 2859 578 2931 ab
594 2861 728 2933 Irenaeo
745 2857 850 2933 verba
867 2873 1007 2929 mutuer
1022 2853 1098 2926 Lib.

120 2967 230 3060 4-34,
258 2994 364 3042 tremo
391 2986 442 3043 est
466 2994 579 3068 neque
604 2969 767 3056 Parrum,
784 2992 895 3065 neque
912 2961 1100 3061 Propheta·

122 3103 217 3167 mm,
242 3105 355 3179 neque
380 3084 611 3180 antiquorum
627 3082 778 3176 Regum,
795 3081 890 3150 circa
906 3101 1011 3175 quem
1022 3085 1101 3172 pro·

113 3191 193 3290 prie
217 3216 262 3264 ac
287 3193 484 3290 specialiter
493 3191 646 3290 flectam
672 3195 715 3264 sit
731 3189 866 3288 aliquid
886 3186 1025 3260 bonane.
1043 3185 1100 3254 An

121 3315 202 3372 ante
229 3302 376 3401 Moysen
402 3319 577 3402 sceptrum
604 3301 670 3373 suit
695 3302 731 3371 in
761 3298 853 3401 tribu
887 3292 1002 3370 Judat
1028 3319 1099 3364 non

121 3423 218 3508 puto;
246 3412 356 3510 coepit
381 3437 464 3484 vero
489 3410 525 3481 in
551 3408 694 3502 Davide,
719 3434 791 3480 non
813 3404 957 3477 defecit:
975 3399 1101 3498 quibus

122 3522 207 3593 scili>
233 3513 322 3594 illud
346 3548 391 3594 ex
418 3547 460 3594 eo
486 3523 592 3593 etiam
618 3521 729 3621 aptari
755 3518 887 3617 nequit,
913 3511 1008 3614 quod
1036 3537 1103 3583 nec

124 3631 172 3704 eis
191 3627 306 3704 'suerit
331 3633 489 3707 omnium
516 3630 712 3704 obedientia
737 3627 959 3729 populorum.
991 3621 1102 3697 Nobu-

123 3739 341 3815 chodonosor
366 3759 495 3834 autem,
521 3742 581 3840 qui
607 3757 643 3812 et
667 3741 732 3812 Dei
764 3735 941 3835 flagellum
966 3733 1101 3834 potius,

126 3873 229 3948 quam
255 3875 275 3921 u
299 3851 375 3924 Deo
401 3849 512 3922 fauste
538 3849 727 3949 promissus
752 3871 793 3919 ac
822 3842 1011 3918 mittendus
1042 3865 1101 3910 co·

121 3961 321 4058 ,gnominari
345 3959 530 4064 potuisset,
554 3975 589 4033 et
606 3958 705 4059 regni
731 3958 784 4031 sui
805 3955 972 4030 terminos
989 3947 1100 4022 ab'In—
