2708 4800
189 529 191 533 A
370 463 414 512 nn
438 459 594 511 rumnsu
620 432 750 510 onusti
1004 438 1051 515 57

67 547 223 625 notando
232 545 407 622 librorum
423 563 461 620 et
476 546 758 646 propositionum
774 547 973 641 sensu,'lalli
989 552 1054 624 Eo·

67 658 171 733 clesia
203 656 276 731 ullo
305 671 410 759 pacto
434 672 575 758 potest;
602 655 699 756 quod
723 653 792 728 fide
817 683 890 729 non
915 662 1055 733 tantum

66 767 321 862 ecclesiastica,
346 767 408 840 sed
433 783 470 840 et
495 765 634 859 divina,
654 768 754 866 juxta
779 767 934 862 multos,
955 770 1055 842 credi

67 879 197 953 debere
222 905 323 953 reor:
350 906 460 978 quum
486 879 554 952 tale
579 879 667 964 illud
683 879 1057 981 Ecclesiaejudicium,

67 992 155 1087 (teni
176 991 276 1091 juxta
302 989 446 1062 eosdem
471 998 611 1062 assensu
638 991 768 1062 mentis
792 992 937 1086 intimo,
962 991 1057 1066 abso·

67 1100 155 1193 luto,
179 1100 408 1194 irrevocabili,
432 1127 505 1173 non
529 1099 600 1193 illo,
620 1102 695 1200 jam
720 1103 879 1202 patronis
903 1103 1057 1175 Jansenii

65 1225 244 1310 pergrato,
270 1210 429 1308 religioso
446 1209 585 1282 silentio
603 1207 796 1302 dumtaxat,
817 1225 981 1282 tenemur
1005 1237 1058 1284 aur

64 1317 283 1416 quiescere),
307 1320 356 1390 ita
381 1318 556 1419 pertineat
580 1318 627 1391 ad
651 1317 768 1410 fidem3
794 1335 836 1391 ut
861 1320 935 1392 sine
952 1321 1058 1420 hujus

64 1427 308 1502 infallibilitate
330 1430 453 1530 judicii
478 1432 625 1504 neoSS.
641 1433 787 1504 Patrum
804 1431 912 1506 libros
929 1445 1058 1533 appro'

64 1538 161 1632 bare,
185 1566 251 1612 nec
277 1540 441 1641 pestifera
467 1542 595 1642 scripta
620 1543 880 1637 baereticorum,
904 1569 975 1616 nec
998 1542 1055 1618 doi

64 1651 194 1724 ctrinas
213 1653 542 1753 propositionesque
559 1654 670 1728 varias
685 1653 938 1726 luxuriantium
955 1656 1054 1753 inged

63 1762 204 1835 niorum
229 1789 406 1865 respuere,
431 1789 497 1837 neo
522 1763 629 1836 fidem
653 1791 841 1842 morumve
867 1768 1054 1839 sanctimoss

62 1873 161 1944 niam·
185 1888 314 1947 sartam
330 1901 401 1949 uno
426 1874 533 1951 uerbo
559 1892 761 1976 tectamque
778 1870 1053 1950 conservaresa'tb

45 1981 199 2082 ‘impetu
224 1984 416 2085 impiorum
441 2001 478 2058 et
504 1987 640 2060 Satanae
663 1982 874 2059 incursione
889 2001 1005 2085 que-at.

65 2154 67 2158 ,
89 2133 99 2172 3
115 2095 187 2167 Sub
206 2098 290 2171 <haec
314 2113 445 2190 tamen,
460 2098 675 2199 peculiarem
692 2100 720 2171 si
739 2101 858 2200 cupias
883 2099 927 2172 de
944 2099 1059 2173 Notis

69 2204 292 2305 Theologicis
317 2209 594 2308 inquisitionem,
619 2225 800 2282 auctorem
818 2209 925 2282 habes
941 2203 1057 2282 Antoss·

61 2316 163 2387 nium
189 2315 232 2389 de
257 2319 433 2391 Panormo
458 2317 497 2390 in
524 2318 706 2390 Scrutinio
729 2316 974 2390 doctrinarum
1000 2318 1059 2388 inc

59 2439 161 2523 tegno
185 2424 377 2519 volumine,
402 2442 438 2499 et
462 2441 544 2528 post
560 2425 645 2498 alios
662 2453 705 2498 ex
723 2425 881 2526 professo
907 2423 1060 2517 multos,

58 2561 119 2610 seu
141 2555 287 2610 morum
313 2563 374 2608 seu
400 2536 609 2636 dogmatum
625 2538 825 2635 magistros,
840 2536 1059 2607 Le-Grans‘

59 2641 112 2715 dii
133 2643 354 2717 decessorem
370 2646 625 2741 Montagnum.
642 2644 685 2715 ld
710 2670 775 2717 nos
792 2642 894 2714 eade
911 2669 950 2714 re
968 2649 1065 2742 pr'o·.

59 2753 177 2826 dimus
201 2755 260 2827 hie
285 2755 537 2854 addimusque,
556 2757 634 2855 jure
652 2755 697 2826 ab
714 2755 871 2836 Ecclesia
888 2778 991 2854 posse
1009 2763 1060 2824 ac,

57 2865 189 2938 merito
217 2866 436 2940 consuevisse
461 2865 620 2938 damnari
649 2865 907 2965 propositiones
942 2888 1068 2961 respa-1

56 2975 160 3060 clive,
185 2989 226 3044 ut
246 2973 420 3072 inquiunt,
438 2989 474 3045 et
491 2977 527 3046 in
544 2972 668 3070 glob05
684 2972 777 3045 idest
793 2972 912 3072 plures
929 2971 1047 3063 simul,
1061 3007 1066 3024 2

56 3081 143 3179 quin
169 3080 435 3176 determinetur,
460 3109 621 3182 quaenam
647 3109 667 3154 e
693 3085 788 3154 notis
822 3081 1046 3174 censurisve',

10 3213 15 3223 ·
54 3217 125 3260 una
150 3189 207 3264 vel
231 3190 362 3292 plures,
379 3192 525 3291 singulis
543 3209 722 3293 competat
739 3191 895 3264 thesibus
919 3193 956 3264 in
974 3191 1048 3290 glo·

55 3298 104 3373 bo
129 3300 310 3376 damnatis.
336 3305 415 3394 Qua
440 3305 478 3375 in
502 3305 612 3405 praxi,
637 3331 711 3377 non
735 3304 857 3378 vitiosa
873 3302 1049 3405 prolecto,

53 3434 127 3515 non
152 3412 247 3483 inani
260 3468 282 3504 ,
295 3413 512 3486 infallibilem
538 3440 614 3486 esse
640 3412 789 3506 itidem,
814 3412 1046 3514 profiteamur

54 3538 216 3623 oportet,
244 3525 311 3597 nisi
336 3525 404 3626 ipsi
429 3527 572 3625 ejusque
599 3529 760 3625 sponsori
788 3527 932 3599 Christo
958 3527 1047 3624 injus

53 3636 136 3709 riosi
163 3664 242 3711 esse
263 3637 432 3729 velimus,
458 3655 494 3711 et
519 3639 681 3738 religioni
707 3655 744 3710 et
768 3640 820 3711 rei
846 3641 1047 3712 christianas

53 3748 206 3847 publioae
231 3749 435 3853 periculosi:
461 3765 498 3822 et
522 3777 605 3824 sane
622 3751 739 3824 nullus
757 3777 914 3851 unquam
940 3749 1007 3820 fuit
1025 3773 1067 3835 e.

25 3904 26 3907 =
52 3863 183 3937 notatis
203 3861 451 3964 damnatisque
467 3863 644 3957 articulis,
660 3862 777 3942 nullus
804 3889 891 3936 sane
914 3857 1045 3934 estant
