2942 4962
372 439 444 511 196
625 465 683 510 tra.
709 464 744 511 rv
770 446 939 511 sacrronis
965 468 986 514 v
1013 467 1042 513 c.
1068 438 1093 515 ir
1169 479 1173 485 -

368 547 475 622 tentia
509 544 664 619 absoluta
690 544 913 644 {coinquinari
946 553 1110 650 potuerit.
1145 553 1266 650 anue
1300 581 1343 628 ex

369 661 502 732 ratione
528 658 632 730 Isaias
658 658 785 729 Christi
804 659 907 728 etiam
925 661 1069 730 nomine
1095 661 1163 731 ait:
1192 663 1343 759 Spiritus
1450 669 1451 690 ¹

368 771 518 844 Domini
551 793 656 866 super
679 794 761 856 me,
787 795 826 841 eo
853 771 949 867 qnod
980 775 1129 844 unxerit
1163 775 1344 848 Dominus
1450 769 1451 788 ¹

368 909 437 955 uae.
461 880 674 978 Eamobrem
701 907 783 952 cum
809 881 851 952 D.
877 883 1007 955 Hilario
1034 883 1092 955 lib.
1124 885 1170 958 l0
1199 882 1243 956 de
1269 887 1345 958 Tri·

371 992 434 1062 nit.
460 989 603 1086 aliisque
628 988 788 1060 Patribus
814 990 1070 1063 Alexandrinus
1094 993 1283 1092 Dionysius
1307 994 1346 1064 in

288 1109 290 1112 ’
370 1130 425 1202 ep.
451 1099 495 1173 ad
519 1100 665 1172 Paulum
692 1102 980 1194 samosatensem,
1005 1106 1074 1175 nisi
1085 1103 1222 1193 fuisset
1249 1103 1346 1176 Chri-

368 1222 456 1298 sttt'S,
481 1210 604 1307 inquit,
630 1209 723 1281 idem
748 1213 811 1308 qui
835 1227 910 1282 erat
934 1213 1031 1284 Deus
1052 1211 1244 1300 Verbum,
1269 1239 1345 1310 raon

365 1335 502 1422 poterat
518 1344 590 1391 esse
607 1319 745 1391 alienus
762 1347 784 1390 a
796 1335 968 1417 potestate
978 1320 1160 1418 peccandi.
1174 1352 1209 1388 με
1222 1323 1278 1392 Ex
1290 1323 1347 1394 his·

368 1448 487 1504 autem
511 1429 548 1500 in
572 1429 639 1499 hac
666 1430 755 1500 thesi
781 1431 977 1502 constitutis
998 1431 1119 1522 oritur,
1138 1431 1243 1528 quod,
1261 1447 1346 1502 tam·

368 1543 433 1614 etsi
458 1539 495 1608 in
522 1537 662 1610 Christo
696 1535 825 1608 fuerint
859 1539 1035 1637 passiones
1061 1539 1187 1610 nostris
1214 1537 1344 1610 similes
1450 1559 1451 1640 t

368 1646 485 1750 quoad
501 1645 741 1738 substantiam,
754 1645 869 1744 quoad
886 1645 1033 1718 modum
1050 1671 1134 1720 vero
1152 1645 1354 1739 dissimiles,
1450 1647 1451 1736 l

372 1786 459 1859 quas
475 1757 554 1830 ideo
571 1756 807 1855 Hieronymus
825 1760 1074 1855 propassiones
1092 1756 1254 1857 appellat;
1271 1755 1348 1828 nul·
1450 1767 1451 1808 ἲ

368 1871 402 1944 la
427 1867 608 1942 tamenin
634 1891 676 1938 eo
702 1866 867 1958 extiterit,
893 1865 1192 1963 quemadmodum
1216 1891 1289 1938 nec
1307 1866 1353 1936 in.

369 1978 508 2052 Adamo
533 1979 731 2067 innocente,
757 1977 1038 2076 concupiscentia
1063 1975 1279 2075 seu'peccati
1295 1972 1346 2046 fo·

371 2117 459 2182 mes,
484 2095 673 2162 humanam
699 2103 860 2159 naturam
886 2088 935 2159 sic
960 2104 1102 2185 regente
1127 2086 1193 2158 Dei
1216 2082 1347 2178 Verbo,

368 2215 409 2268 ut
433 2197 482 2268 nil
507 2196 722 2268 tumultuans
740 2213 775 2267 et
792 2195 1029 2268 inordinatum
1047 2196 1083 2266 in
1100 2220 1141 2266 ea
1156 2209 1347 2295 pateretur.
1450 2229 1451 2274 3

370 2303 477 2394 Quod
502 2320 663 2374 constans
688 2304 855 2376 Ecclesiae
889 2303 998 2394 fides,
1031 2303 1268 2402 Ecclesiaeque
1297 2303 1346 2374 lu·
1450 2351 1451 2412 p

369 2436 454 2484 men
479 2409 694 2506 Augustinus
721 2411 812 2481 inter
837 2410 1000 2508 reliquos,
1025 2415 1208 2483 anathema
1237 2411 1346 2482 etiam
1450 2415 1451 2490 ζ

369 2521 484 2594 dicere
510 2547 581 2592 non
607 2518 788 2620 ambigens
814 2547 913 2594 secus
942 2522 1193 2616 sentientibus,
1218 2538 1253 2599 et
1285 2549 1346 2594 no·
1450 2521 1451 2606 J

370 2632 532 2704 minatim
567 2629 728 2732 Synodus
756 2633 789 2704 V
819 2632 999 2705 Generalis
1032 2631 1214 2706 collatione
1241 2635 1265 2706 8
1292 2630 1347 2712 de·
1450 2619 1451 2700 l

371 2745 525 2818 claravit.

421 2966 733 3038 OBJECTIONES
747 2965 1001 3064 expenduntur.
1011 2966 1098 3054 Quae
1111 2980 1231 3036 contra
1244 2965 1348 3038 scien-
1450 2959 1451 3042 ζ

371 3079 457 3147 tiam
471 3077 599 3148 Christi
612 3076 772 3166 militant,
784 3077 842 3150 vel
858 3092 939 3148 sunt
955 3077 1070 3148 minus
1088 3076 1188 3149 utiles
1205 3080 1347 3150 humani

371 3187 500 3282 ingenii
513 3185 737 3276 velitationeS,
751 3201 786 3254 et
803 3211 840 3256 re
856 3186 1006 3284 penitius
1024 3200 1153 3256 attenta
1170 3186 1350 3258 exsufflan-
1450 3183 1451 3226 3

372 3310 439 3385 tur;
457 3294 522 3384 vel,
545 3298 573 3365 si
589 3291 718 3390 aliquid
734 3295 878 3365 afferant
894 3297 1066 3367 momenti
1094 3297 1247 3396 ipsisque
1264 3294 1350 3368 divi..

372 3406 425 3476 nis
451 3405 635 3503 Scripturis
668 3404 853 3504 videantur
877 3399 997 3498 inniti,
1027 3433 1067 3478 ea
1100 3407 1179 3478 alibi
1206 3405 1350 3506 disjecta

373 3513 513 3584 suerunt
524 3568 534 3604 ,
559 3527 619 3583 aut
644 3536 686 3584 ex
710 3513 752 3584 iis
785 3513 1071 3606 extricabantur,
1097 3543 1174 3614 quae
1209 3515 1349 3589 aliunde
1450 3543 1451 3566 ¹

374 3621 584 3722 percepistis.
601 3621 714 3694 Nihilo
732 3637 849 3694 tamen
861 3623 972 3696 secius
989 3631 1066 3695 eam
1084 3624 1195 3698 subdo
1209 3622 1349 3696 difficul-

376 3749 495 3828 tatem,
510 3759 579 3832 qua
605 3735 836 3836 arguiposset
852 3735 1015 3810 adversus
1035 3738 1093 3807 1³¹⁸
1108 3736 1216 3810 simul
1233 3751 1269 3808 et
1287 3738 1347 3807 2³³¹
1446 3763 1451 3774 ³
