2932 4970
421 535 463 581 on
489 531 643 580 rcctrsn
668 531 800 580 cuarsrr
1047 503 1103 579 '53

105 645 161 698 'ne
185 633 302 748 potest
327 619 365 690 in
391 617 627 692 controversia
644 611 819 715 de1psius
845 641 947 688 sensu
975 613 1100 690 oborta

110 734 261 844 suipsius
289 730 398 833 judex
433 755 506 802 esse
533 729 730 828 Scriptura,
756 753 836 826 quae
861 753 934 799 non
968 725 1100 830 ubique

111 844 206 918 clara
233 857 297 934 est,
323 866 431 940 quam
457 840 563 912 etiam
587 863 654 938 pro
676 863 739 910 suo
758 836 906 936 quisque
933 835 1102 924 arbitratu

111 965 150 1022 et
175 948 293 1024 studio
317 949 491 1040 Novator‚
516 946 569 1019 uti
594 970 714 1018 morsu
739 945 869 1072 pellem
887 961 996 1036 sutor,
1022 971 1102 1045 pro·

112 1060 238 1154 tendit,
262 1057 540 1161 interpretatur?
565 1058 687 1156 Neque
713 1057 830 1130 minus
848 1059 920 1157 agit
936 1059 973 1130 in
991 1056 1103 1130 diver·

112 1199 160 1263 sa,
185 1172 221 1242 in
246 1196 415 1271 praeceps,
439 1171 477 1242 in
503 1168 651 1268 abrupta
668 1169 824 1268 privatus
851 1168 1014 1270 spiritus3
1041 1167 1102 1264 qui

112 1281 258 1355 Calvino
283 1296 320 1352 et
343 1282 499 1353 Luthero
526 1278 731 1377 caeterisque
758 1279 928 1378 suggessit
943 1278 1101 1382 dirinare

113 1389 317 1479 mendacia,
341 1393 585 1488 haeresumque
611 1386 771 1461 flammas
796 1389 1006 1488 egurgitare.
1022 1387 1100 1462 Non

111 1500 217 1572 etiam
252 1499 472 1601 Principibus
504 1499 625 1590 laicis,
650 1498 711 1570 sed
737 1499 802 1573 soli
826 1502 932 1573 Petro
958 1499 1101 1597 ejusque

112 1611 370 1686 successoribus
406 1611 493 1682 dixit
517 1612 712 1704 Dominus,
731 1637 841 1709 pasce
867 1638 947 1686 oves
973 1637 1099 1698 meas,

110 1721 176 1794 tibi
200 1718 290 1794 dabo
317 1719 432 1794 claves
459 1723 560 1818 regni
587 1721 796 1811 Coelornm‚·
827 1720 985 1820 dixitque
1020 1719 1101 1793 solis

109 1829 301 1930 Apostolis‚
326 1831 446 1904 docete
472 1857 596 1904 omn-es
620 1847 751 1929 gentes.
771 1835 963 1933 Propterea
980 1833 1028 1904 Μ.
1054 1831 1100 1902 Ο-

109 1943 182 2011 sius
198 1939 372 2014 Cordubae
388 1942 587 2041 Episcopus
602 1944 652 2015 ita
670 1941 765 2044 apud
781 1941 1014 2014 Athanasium
1030 1939 1099 2010 Im·

108 2055 265 2152 peratori
282 2055 494 2126 Constantio·
508 2054 698 2128 scribebat:
716 2081 761 2127 ne
779 2069 812 2127 te
830 2051 932 2126 rebus
949 2054 1099 2124 misceas

110 2166 367 2240 Ecclesiasticis
384 2219 393 2238 .
408 2220 440 2239 ..
472 2167 554 2240 Tibi
578 2171 678 2242 Deus
704 2171 896 2266 imperinm
929 2163 1099 2252 tradidit,
1153 2177 1159 2184 '

112 2274 212 2348 nobis
237 2277 489 2351 Ecclesiastico
518 2280 759 2353 concredidit.-

159 2385 219 2455 IV.
244 2385 324 2457 Jam
350 2387 459 2460 modo
485 2389 629 2490 propius
658 2390 761 2488 hujus
786 2386 873 2462 Loci
908 2383 1099 2484 theologici

110 2494 332 2590 soliditatem,
357 2497 636 2573 infallibilitatem
666 2501 834 2573 Ecclesiae
865 2496 1100 2572 determinan-

111 2607 167 2702 do,
192 2627 463 2709 perscrutemur.
489 2613 556 2712 Ajo
581 2615 701 2686 statim
727 2630 850 2686 contra
869 2611 1097 2684 deliramenta

110 2722 381 2794 Haer'eticorum:
408 2722 572 2822 disperse
589 2725 758 2796 Ecclesia
784 2749 852 2822 per
869 2721 1006 2812 orbem,
1023 2745 1099 2791 non

108 2837 265 2959 antiqrma
290 2836 420 2924 solum,
436 2835 500 2910 seri
523 2859 622 2907 nunc
639 2838 838 2922 existentis,
856 2836 928 2905 imo
955 2846 991 2903 et
1011 2853 1098 2928 pra·

108 2944 212 3040 apua
237 2943 441 3033 Pastorum,
466 2969 660 3018 consensus
686 2944 869 3016 moraliter
888 2937 1097 3014 universalis

108 3053 152 3126 ab
179 3079 295 3129 errore
321 3083 455 3132 vacans
480 3071 532 3131 est
556 3071 591 3130 et
616 3051 846 3152 infallibilis'
833 3079 872 3126 rn
888 3048 1096 3182 definiendis

103 3161 190 3259 fidei
214 3181 248 3238 et
272 3191 417 3240 morum
443 3168 697 3242 controversiis.
768 3173 771 3178 “

155 3273 371 3349 Profecto
345 3303 378 3348 s1
400 3294 460 3350 aut
485 3277 603 3350 fallere
629 3293 689 3350 aut
706 3276 776 3349 salli
793 3275 949 3350 Ecclesia
966 3286 1096 3374 posset,

107 3398 219 3480 portae
245 3384 366 3477 inseri,
392 3385 555 3461 diabolici
581 3413 736 3479 errores,
762 3403 979 3483 tartareaque
1004 3381 1097 3454 mala

106 3491 337 3590 praevalerent
354 3495 521 3569 adversus
538 3525 635 3573 eam:
662 3497 758 3596 atqui
776 3511 895 3568 tamen
912 3516 1097 3589 nunquam

107 3600 178 3692 fiet,
205 3617 244 3671 ut
261 3603 491 3704 praevaleant,'
502 3607 713 3708 promissore
739 3606 898 3678 Christo:
924 3602 985 3673 fiet
1010 3625 1095 3699 ergo

108 3739 302 3813 nunquam,
320 3734 359 3790 ut
385 3717 523 3792 fallatur
541 3735 601 3791 aut
618 3717 722 3792 lallat.
740 3716 800 3789 Ad
825 3717 919 3790 brec:
945 3716 1022 3810 Ego
1041 3733 1094 3784 m·

106 3824 196 3919 gabo
215 3828 372 3917 Patrem,
389 3832 504 3930 inquit
528 3832 623 3906 idem
641 3858 747 3908 verax
764 3828 988 3932 sponsorque¹
999 3823 1095 3898 Chri·

110 3950 199 4030 stus‚‘
218 3954 252 4014 et
265 3941 391 4017 'alium
408 3943 636 4026 Paracletum
653 3941 750 4018 dabit
767 3940 876 4030 robis,
893 3954 933 4013 nt
950 3945 1095 4011 maereat
