<?xml version="1.0" encoding="UTF-8"?>
<!DOCTYPE html PUBLIC "-//W3C//DTD XHTML 1.0 Transitional//EN"
    "http://www.w3.org/TR/xhtml1/DTD/xhtml1-transitional.dtd">
<html xmlns="http://www.w3.org/1999/xhtml" xml:lang="en" lang="en">
 <head>
  <title>
</title>
<meta http-equiv="Content-Type" content="text/html;charset=utf-8" />
  <meta name='ocr-system' content='tesseract 3.04.00' />
  <meta name='ocr-capabilities' content='ocr_page ocr_carea ocr_par ocr_line ocrx_word'/>
</head>
<body>
  <div class='ocr_page' id='page_1' title='image "./sacrtheologiins00gutigoog_0104.png"; bbox 0 0 2908 4962; ppageno 0'>
   <div class='ocr_carea' id='block_1_1' title="bbox 10 491 1175 4009">
    <p class='ocr_par' dir='ltr' id='par_1_1' title="bbox 79 491 1103 1696">
     <span class='ocr_line' id='line_1_1' title="bbox 133 491 1072 576; baseline 0 -6"><span class='ocrx_word' id='word_1_1' title='bbox 133 565 134 570; x_wconf 75' lang='grc'>,</span> <span class='ocrx_word' id='word_1_2' title='bbox 222 491 223 494; x_wconf 34' lang='grc'><strong>“</strong></span> <span class='ocrx_word' id='word_1_3' title='bbox 241 521 284 570; x_wconf 81' lang='lat' dir='ltr'>nu</span> <span class='ocrx_word' id='word_1_4' title='bbox 301 521 399 570; x_wconf 76' lang='lat' dir='ltr'>uulua</span> <span class='ocrx_word' id='word_1_5' title='bbox 417 519 512 568; x_wconf 72' lang='lat' dir='ltr'>ruas</span> <span class='ocrx_word' id='word_1_6' title='bbox 525 521 568 568; x_wconf 82' lang='lat' dir='ltr'>nr</span> <span class='ocrx_word' id='word_1_7' title='bbox 585 520 680 568; x_wconf 75' lang='lat' dir='ltr'>nuru.</span> <span class='ocrx_word' id='word_1_8' title='bbox 697 519 917 568; x_wconf 66' lang='lat' dir='ltr'>nnrrcmusrr</span> <span class='ocrx_word' id='word_1_9' title='bbox 958 529 964 544; x_wconf 65' lang='lat'><em>¹</em></span> <span class='ocrx_word' id='word_1_10' title='bbox 996 497 1072 576; x_wconf 74' lang='lat'>105</span> 
     </span>
     <span class='ocr_line' id='line_1_2' title="bbox 85 604 1070 697; baseline 0 -17"><span class='ocrx_word' id='word_1_11' title='bbox 85 628 167 680; x_wconf 89' lang='lat' dir='ltr'>cam</span> <span class='ocrx_word' id='word_1_12' title='bbox 191 632 262 678; x_wconf 92' lang='lat' dir='ltr'>non</span> <span class='ocrx_word' id='word_1_13' title='bbox 288 606 334 678; x_wconf 88' lang='lat' dir='ltr'>sit</span> <span class='ocrx_word' id='word_1_14' title='bbox 357 631 477 678; x_wconf 89' lang='lat' dir='ltr'>merus</span> <span class='ocrx_word' id='word_1_15' title='bbox 501 607 622 697; x_wconf 77' lang='lat' dir='ltr'>homo,</span> <span class='ocrx_word' id='word_1_16' title='bbox 647 604 710 678; x_wconf 87' lang='lat' dir='ltr'>sed</span> <span class='ocrx_word' id='word_1_17' title='bbox 734 606 972 678; x_wconf 86' lang='lat' dir='ltr'>homoDcus.</span> <span class='ocrx_word' id='word_1_18' title='bbox 990 609 1070 680; x_wconf 90' lang='lat' dir='ltr'>Etsi</span> 
     </span>
     <span class='ocr_line' id='line_1_3' title="bbox 84 713 1066 814; baseline -0.003 -23"><span class='ocrx_word' id='word_1_19' title='bbox 84 715 239 791; x_wconf 36' lang='lat' dir='ltr'>tandem*</span> <span class='ocrx_word' id='word_1_20' title='bbox 255 742 338 788; x_wconf 91' lang='lat' dir='ltr'>eum</span> <span class='ocrx_word' id='word_1_21' title='bbox 363 713 436 786; x_wconf 90' lang='lat' dir='ltr'>aliis</span> <span class='ocrx_word' id='word_1_22' title='bbox 453 713 604 814; x_wconf 83' lang='lat' dir='ltr'>appellet</span> <span class='ocrx_word' id='word_1_23' title='bbox 620 715 857 795; x_wconf 86' lang='lat' dir='ltr'>Damascenus</span> <span class='ocrx_word' id='word_1_24' title='bbox 873 715 1066 804; x_wconf 87' lang='lat' dir='ltr'>humanita-</span> 
     </span>
     <span class='ocr_line' id='line_1_4' title="bbox 82 829 1074 928; baseline -0.002 -28"><span class='ocrx_word' id='word_1_25' title='bbox 82 846 159 901; x_wconf 88' lang='lat' dir='ltr'>tem</span> <span class='ocrx_word' id='word_1_26' title='bbox 184 831 388 902; x_wconf 76' lang='lat' dir='ltr'>Divinitatis</span> <span class='ocrx_word' id='word_1_27' title='bbox 423 829 729 920; x_wconf 60' lang='lat' dir='ltr'>instrumentum</span> <span class='ocrx_word' id='word_1_28' title='bbox 758 853 830 900; x_wconf 93' lang='lat' dir='ltr'>non</span> <span class='ocrx_word' id='word_1_29' title='bbox 866 843 1074 928; x_wconf 62' lang='lat' dir='ltr'>separatum,</span> 
     </span>
     <span class='ocr_line' id='line_1_5' title="bbox 80 929 1067 1044; baseline -0.001 -31"><span class='ocrx_word' id='word_1_30' title='bbox 80 941 255 1041; x_wconf 80' lang='lat' dir='ltr'>intelligit,</span> <span class='ocrx_word' id='word_1_31' title='bbox 268 939 382 1041; x_wconf 67' lang='lat' dir='ltr'>⁴qualis</span> <span class='ocrx_word' id='word_1_32' title='bbox 393 955 454 1012; x_wconf 53' lang='lat' dir='ltr'>&#39;est</span> <span class='ocrx_word' id='word_1_33' title='bbox 474 937 619 1044; x_wconf 83' lang='lat' dir='ltr'>dolobra</span> <span class='ocrx_word' id='word_1_34' title='bbox 636 937 692 1013; x_wconf 85' lang='lat' dir='ltr'>vel</span> <span class='ocrx_word' id='word_1_35' title='bbox 708 963 801 1010; x_wconf 85' lang='lat' dir='ltr'>serra</span> <span class='ocrx_word' id='word_1_36' title='bbox 818 939 855 1010; x_wconf 89' lang='lat' dir='ltr'>in</span> <span class='ocrx_word' id='word_1_37' title='bbox 878 937 977 1011; x_wconf 85' lang='lat' dir='ltr'>fabro</span> <span class='ocrx_word' id='word_1_38' title='bbox 998 929 1067 1012; x_wconf 64' lang='lat' dir='ltr'>mass</span> 
     </span>
     <span class='ocr_line' id='line_1_6' title="bbox 82 1046 1103 1148; baseline -0.005 -29"><span class='ocrx_word' id='word_1_39' title='bbox 82 1049 236 1140; x_wconf 85' lang='lat' dir='ltr'>teriario,</span> <span class='ocrx_word' id='word_1_40' title='bbox 249 1049 311 1121; x_wconf 90' lang='lat' dir='ltr'>sed</span> <span class='ocrx_word' id='word_1_41' title='bbox 323 1049 614 1138; x_wconf 63' lang='lat' dir='ltr'>intime‘unitum</span> <span class='ocrx_word' id='word_1_42' title='bbox 627 1046 728 1145; x_wconf 90' lang='lat' dir='ltr'>quale</span> <span class='ocrx_word' id='word_1_43' title='bbox 743 1063 795 1119; x_wconf 86' lang='lat' dir='ltr'>est</span> <span class='ocrx_word' id='word_1_44' title='bbox 805 1057 940 1146; x_wconf 63' lang='lat' dir='ltr'>‘corpus</span> <span class='ocrx_word' id='word_1_45' title='bbox 952 1055 1073 1148; x_wconf 44' lang='lat' dir='ltr'>‚cespes</span> <span class='ocrx_word' id='word_1_46' title='bbox 1098 1101 1103 1106; x_wconf 63' lang='lat'>,.</span> 
     </span>
     <span class='ocr_line' id='line_1_7' title="bbox 79 1159 1065 1260; baseline -0.002 -26"><span class='ocrx_word' id='word_1_47' title='bbox 79 1165 145 1234; x_wconf 89' lang='lat' dir='ltr'>ctu</span> <span class='ocrx_word' id='word_1_48' title='bbox 161 1162 297 1255; x_wconf 76' lang='lat' dir='ltr'>animae,</span> <span class='ocrx_word' id='word_1_49' title='bbox 314 1177 354 1234; x_wconf 85' lang='lat' dir='ltr'>ut</span> <span class='ocrx_word' id='word_1_50' title='bbox 370 1159 520 1260; x_wconf 85' lang='lat' dir='ltr'>explicat</span> <span class='ocrx_word' id='word_1_51' title='bbox 538 1161 571 1230; x_wconf 79' lang='lat' dir='ltr'>st</span> <span class='ocrx_word' id='word_1_52' title='bbox 589 1159 742 1233; x_wconf 85' lang='lat' dir='ltr'>Thomas</span> <span class='ocrx_word' id='word_1_53' title='bbox 758 1159 818 1232; x_wconf 89' lang='lat' dir='ltr'>lib.</span> <span class='ocrx_word' id='word_1_54' title='bbox 836 1160 860 1230; x_wconf 85' lang='grc'>4</span> <span class='ocrx_word' id='word_1_55' title='bbox 878 1186 907 1232; x_wconf 89' lang='lat' dir='ltr'>c.</span> <span class='ocrx_word' id='word_1_56' title='bbox 922 1161 1065 1234; x_wconf 83' lang='lat' dir='ltr'>Gentes.</span> 
     </span>
     <span class='ocr_line' id='line_1_8' title="bbox 80 1263 1073 1369; baseline 0.002 -29"><span class='ocrx_word' id='word_1_57' title='bbox 80 1271 207 1368; x_wconf 89' lang='lat' dir='ltr'>Itaque</span> <span class='ocrx_word' id='word_1_58' title='bbox 223 1296 307 1342; x_wconf 90' lang='lat' dir='ltr'>cum</span> <span class='ocrx_word' id='word_1_59' title='bbox 323 1295 426 1343; x_wconf 87' lang='lat' dir='ltr'>voces</span> <span class='ocrx_word' id='word_1_60' title='bbox 443 1267 653 1368; x_wconf 85' lang='lat' dir='ltr'>hujusmodi·</span> <span class='ocrx_word' id='word_1_61' title='bbox 669 1269 804 1369; x_wconf 80' lang='lat' dir='ltr'>possint</span> <span class='ocrx_word' id='word_1_62' title='bbox 828 1263 1073 1342; x_wconf 78' lang='lat' dir='ltr'>indifferenter</span> 
     </span>
     <span class='ocr_line' id='line_1_9' title="bbox 79 1376 1068 1478; baseline 0.004 -30"><span class='ocrx_word' id='word_1_63' title='bbox 79 1381 277 1451; x_wconf 91' lang='lat' dir='ltr'>unitionem</span> <span class='ocrx_word' id='word_1_64' title='bbox 304 1379 485 1478; x_wconf 84' lang='lat' dir='ltr'>physicam</span> <span class='ocrx_word' id='word_1_65' title='bbox 515 1376 571 1450; x_wconf 88' lang='lat' dir='ltr'>vel</span> <span class='ocrx_word' id='word_1_66' title='bbox 596 1377 779 1450; x_wconf 78' lang='lat' dir='ltr'>moralem·</span> <span class='ocrx_word' id='word_1_67' title='bbox 793 1379 995 1478; x_wconf 83' lang='lat' dir='ltr'>significare3</span> <span class='ocrx_word' id='word_1_68' title='bbox 1014 1407 1068 1452; x_wconf 89' lang='lat' dir='ltr'>ea·</span> 
     </span>
     <span class='ocr_line' id='line_1_10' title="bbox 79 1484 1071 1587; baseline 0.004 -31"><span class='ocrx_word' id='word_1_69' title='bbox 79 1512 165 1558; x_wconf 87' lang='lat' dir='ltr'>rum</span> <span class='ocrx_word' id='word_1_70' title='bbox 189 1487 406 1558; x_wconf 86' lang='lat' dir='ltr'>intellectum</span> <span class='ocrx_word' id='word_1_71' title='bbox 433 1485 594 1584; x_wconf 89' lang='lat' dir='ltr'>adjuncta</span> <span class='ocrx_word' id='word_1_72' title='bbox 620 1485 671 1558; x_wconf 75' lang='lat' dir='ltr'>ac&#39;</span> <span class='ocrx_word' id='word_1_73' title='bbox 686 1513 811 1587; x_wconf 89' lang='lat' dir='ltr'>scopus</span> <span class='ocrx_word' id='word_1_74' title='bbox 837 1484 873 1558; x_wconf 85' lang='lat' dir='ltr'>et</span> <span class='ocrx_word' id='word_1_75' title='bbox 903 1504 1071 1560; x_wconf 78' lang='lat' dir='ltr'>constans</span> 
     </span>
     <span class='ocr_line' id='line_1_11' title="bbox 79 1593 1028 1696; baseline 0 -30"><span class='ocrx_word' id='word_1_76' title='bbox 79 1595 331 1696; x_wconf 87' lang='lat' dir='ltr'>explorataque</span> <span class='ocrx_word' id='word_1_77' title='bbox 354 1621 454 1666; x_wconf 93' lang='lat' dir='ltr'>mens</span> <span class='ocrx_word' id='word_1_78' title='bbox 470 1597 639 1666; x_wconf 88' lang='lat' dir='ltr'>Veterum</span> <span class='ocrx_word' id='word_1_79' title='bbox 656 1595 856 1696; x_wconf 83' lang='lat' dir='ltr'>suppeditat</span> <span class='ocrx_word' id='word_1_80' title='bbox 882 1612 928 1667; x_wconf 81' lang='lat' dir='ltr'>et.</span> <span class='ocrx_word' id='word_1_81' title='bbox 943 1593 1028 1694; x_wconf 72' lang='lat' dir='ltr'>figit</span> 
     </span>
    </p>

    <p class='ocr_par' dir='ltr' id='par_1_2' title="bbox 74 1701 1138 2023">
     <span class='ocr_line' id='line_1_12' title="bbox 132 1701 1138 1806; baseline 0.002 -32"><span class='ocrx_word' id='word_1_82' title='bbox 132 1705 279 1784; x_wconf 75' lang='lat' dir='ltr'><strong>Instant.</strong></span> <span class='ocrx_word' id='word_1_83' title='bbox 307 1701 578 1802; x_wconf 84' lang='lat' dir='ltr'>Chrysostomus</span> <span class='ocrx_word' id='word_1_84' title='bbox 604 1705 708 1775; x_wconf 90' lang='lat' dir='ltr'>Hom.</span> <span class='ocrx_word' id='word_1_85' title='bbox 736 1704 756 1774; x_wconf 91' lang='lat'>3</span> <span class='ocrx_word' id='word_1_86' title='bbox 784 1705 819 1774; x_wconf 94' lang='lat' dir='ltr'>in</span> <span class='ocrx_word' id='word_1_87' title='bbox 838 1731 912 1804; x_wconf 90' lang='lat' dir='ltr'>cap.</span> <span class='ocrx_word' id='word_1_88' title='bbox 937 1707 950 1786; x_wconf 82' lang='grc'>1</span> <span class='ocrx_word' id='word_1_89' title='bbox 984 1705 1070 1806; x_wconf 84' lang='lat' dir='ltr'>Epi·</span> <span class='ocrx_word' id='word_1_90' title='bbox 1135 1786 1138 1792; x_wconf 35' lang='grc'>,</span> 
     </span>
     <span class='ocr_line' id='line_1_13' title="bbox 79 1813 1072 1914; baseline 0.003 -29"><span class='ocrx_word' id='word_1_91' title='bbox 79 1815 183 1886; x_wconf 85' lang='lat' dir='ltr'>stolae</span> <span class='ocrx_word' id='word_1_92' title='bbox 200 1813 252 1886; x_wconf 88' lang='lat' dir='ltr'>ad</span> <span class='ocrx_word' id='word_1_93' title='bbox 276 1814 384 1886; x_wconf 77' lang='lat' dir='ltr'>Hebu</span> <span class='ocrx_word' id='word_1_94' title='bbox 410 1813 588 1914; x_wconf 73' lang='lat' dir='ltr'>exponens</span> <span class='ocrx_word' id='word_1_95' title='bbox 615 1818 690 1887; x_wconf 78' lang='lat' dir='ltr'>haec</span> <span class='ocrx_word' id='word_1_96' title='bbox 714 1814 843 1887; x_wconf 85' lang='lat' dir='ltr'>Psalmi</span> <span class='ocrx_word' id='word_1_97' title='bbox 860 1815 977 1906; x_wconf 86' lang='lat' dir='ltr'>verba,</span> <span class='ocrx_word' id='word_1_98' title='bbox 986 1842 1072 1914; x_wconf 81' lang='lat' dir='ltr'>pro-</span> 
     </span>
     <span class='ocr_line' id='line_1_14' title="bbox 74 1917 1068 2023; baseline 0.002 -27"><span class='ocrx_word' id='word_1_99' title='bbox 74 1941 209 2023; x_wconf 76' lang='lat' dir='ltr'>pterea</span> <span class='ocrx_word' id='word_1_100' title='bbox 217 1971 223 2020; x_wconf 62' lang='lat'><em>5</em></span> <span class='ocrx_word' id='word_1_101' title='bbox 231 1927 343 1996; x_wconf 72' lang='lat' dir='ltr'>unxit</span> <span class='ocrx_word' id='word_1_102' title='bbox 368 1941 414 2014; x_wconf 54' lang='lat' dir='ltr'>te,</span> <span class='ocrx_word' id='word_1_103' title='bbox 439 1917 554 2013; x_wconf 83' lang='lat' dir='ltr'>Deus,</span> <span class='ocrx_word' id='word_1_104' title='bbox 579 1928 677 1998; x_wconf 87' lang='lat' dir='ltr'>Deus</span> <span class='ocrx_word' id='word_1_105' title='bbox 705 1942 801 2012; x_wconf 85' lang='lat' dir='ltr'>tuus,</span> <span class='ocrx_word' id='word_1_106' title='bbox 819 1926 868 1997; x_wconf 90' lang='lat' dir='ltr'>sic</span> <span class='ocrx_word' id='word_1_107' title='bbox 885 1933 1068 2022; x_wconf 70' lang='lat' dir='ltr'>argunna-</span> 
     </span>
    </p>

    <p class='ocr_par' dir='ltr' id='par_1_3' title="bbox 33 2028 1175 2799">
     <span class='ocr_line' id='line_1_15' title="bbox 33 2028 1070 2138; baseline 0.004 -32"><span class='ocrx_word' id='word_1_108' title='bbox 33 2133 35 2136; x_wconf 84' lang='lat'>.</span> <span class='ocrx_word' id='word_1_109' title='bbox 66 2053 162 2119; x_wconf 73' lang='lat' dir='ltr'>stum</span> <span class='ocrx_word' id='word_1_110' title='bbox 190 2036 271 2108; x_wconf 89' lang='lat' dir='ltr'>inde</span> <span class='ocrx_word' id='word_1_111' title='bbox 298 2039 402 2138; x_wconf 89' lang='lat' dir='ltr'>petit:</span> <span class='ocrx_word' id='word_1_112' title='bbox 421 2035 481 2109; x_wconf 77' lang='lat' dir='ltr'>hie</span> <span class='ocrx_word' id='word_1_113' title='bbox 507 2028 541 2110; x_wconf 80' lang='lat' dir='ltr'>et</span> <span class='ocrx_word' id='word_1_114' title='bbox 569 2038 741 2125; x_wconf 76' lang='lat' dir='ltr'>JudraoS,¹</span> <span class='ocrx_word' id='word_1_115' title='bbox 758 2049 800 2110; x_wconf 83' lang='lat' dir='ltr'>et&#39;</span> <span class='ocrx_word' id='word_1_116' title='bbox 818 2038 1016 2111; x_wconf 71' lang='lat' dir='ltr'>Sabelliani</span> <span class='ocrx_word' id='word_1_117' title='bbox 1032 2067 1070 2110; x_wconf 83' lang='lat' dir='ltr'>a·</span> 
     </span>
     <span class='ocr_line' id='line_1_16' title="bbox 82 2137 1079 2248; baseline 0.004 -30"><span class='ocrx_word' id='word_1_118' title='bbox 82 2148 351 2246; x_wconf 76' lang='lat' dir='ltr'>Ilusque-ferit.</span> <span class='ocrx_word' id='word_1_119' title='bbox 370 2202 400 2220; x_wconf 89' lang='lat'>..</span> <span class='ocrx_word' id='word_1_120' title='bbox 423 2137 572 2222; x_wconf 76' lang='lat' dir='ltr'>‘Judnos</span> <span class='ocrx_word' id='word_1_121' title='bbox 599 2151 755 2248; x_wconf 81' lang='lat' dir='ltr'>quidem,</span> <span class='ocrx_word' id='word_1_122' title='bbox 773 2151 957 2223; x_wconf 79' lang='lat' dir='ltr'>osteudens</span> <span class='ocrx_word' id='word_1_123' title='bbox 969 2151 1079 2222; x_wconf 66' lang='lat' dir='ltr'>-duns⁴</span> 
     </span>
     <span class='ocr_line' id='line_1_17' title="bbox 76 2257 1081 2356; baseline 0 -26"><span class='ocrx_word' id='word_1_124' title='bbox 76 2269 267 2356; x_wconf 78' lang='lat' dir='ltr'>personna,</span> <span class='ocrx_word' id='word_1_125' title='bbox 292 2275 326 2332; x_wconf 85' lang='lat' dir='ltr'>et</span> <span class='ocrx_word' id='word_1_126' title='bbox 352 2263 471 2333; x_wconf 87' lang='lat' dir='ltr'>Deum</span> <span class='ocrx_word' id='word_1_127' title='bbox 499 2275 533 2331; x_wconf 88' lang='lat' dir='ltr'>et</span> <span class='ocrx_word' id='word_1_128' title='bbox 560 2258 739 2338; x_wconf 75' lang='lat' dir='ltr'>hominem</span> <span class='ocrx_word' id='word_1_129' title='bbox 756 2311 764 2328; x_wconf 92' lang='lat'><strong>.</strong></span> <span class='ocrx_word' id='word_1_130' title='bbox 779 2311 787 2329; x_wconf 86' lang='lat'>.</span> <span class='ocrx_word' id='word_1_131' title='bbox 802 2272 820 2328; x_wconf 82' lang='grc'>.’</span> <span class='ocrx_word' id='word_1_132' title='bbox 836 2275 978 2332; x_wconf 75' lang='lat' dir='ltr'>craterus</span> <span class='ocrx_word' id='word_1_133' title='bbox 997 2257 1081 2346; x_wconf 60' lang='lat' dir='ltr'>‚uu-&#39;</span> 
     </span>
     <span class='ocr_line' id='line_1_18' title="bbox 81 2368 1067 2466; baseline 0 -28"><span class='ocrx_word' id='word_1_134' title='bbox 81 2384 168 2454; x_wconf 83' lang='lat' dir='ltr'>tem,</span> <span class='ocrx_word' id='word_1_135' title='bbox 193 2370 290 2466; x_wconf 84' lang='lat' dir='ltr'>quod</span> <span class='ocrx_word' id='word_1_136' title='bbox 312 2373 384 2442; x_wconf 83' lang='lat' dir='ltr'>sint</span> <span class='ocrx_word' id='word_1_137' title='bbox 408 2371 491 2442; x_wconf 82' lang='lat' dir='ltr'>dure·</span> <span class='ocrx_word' id='word_1_138' title='bbox 506 2395 669 2466; x_wconf 72' lang='lat' dir='ltr'>persone</span> <span class='ocrx_word' id='word_1_139' title='bbox 687 2369 804 2440; x_wconf 64' lang='lat' dir='ltr'>divisse</span> <span class='ocrx_word' id='word_1_140' title='bbox 818 2394 883 2465; x_wconf 82' lang='lat' dir='ltr'>per</span> <span class='ocrx_word' id='word_1_141' title='bbox 902 2368 1067 2466; x_wconf 70' lang='lat' dir='ltr'>hyposto·</span> 
     </span>
     <span class='ocr_line' id='line_1_19' title="bbox 63 2456 1175 2578; baseline -0.003 -27"><span class='ocrx_word' id='word_1_142' title='bbox 63 2483 171 2551; x_wconf 76' lang='lat' dir='ltr'>sim:</span> <span class='ocrx_word' id='word_1_143' title='bbox 190 2507 274 2578; x_wconf 81' lang='lat' dir='ltr'>ergo</span> <span class='ocrx_word' id='word_1_144' title='bbox 288 2483 329 2552; x_wconf 87' lang='lat' dir='ltr'>in</span> <span class='ocrx_word' id='word_1_145' title='bbox 352 2483 492 2572; x_wconf 88' lang='lat' dir='ltr'>Christo</span> <span class='ocrx_word' id='word_1_146' title='bbox 519 2497 584 2553; x_wconf 88' lang='lat' dir='ltr'>etc.</span> <span class='ocrx_word' id='word_1_147' title='bbox 599 2535 607 2552; x_wconf 93' lang='lat'><strong>.</strong></span> <span class='ocrx_word' id='word_1_148' title='bbox 622 2456 676 2576; x_wconf 55' lang='lat' dir='ltr'>Id.</span> <span class='ocrx_word' id='word_1_149' title='bbox 703 2481 743 2552; x_wconf 84' lang='lat' dir='ltr'>N.</span> <span class='ocrx_word' id='word_1_150' title='bbox 771 2481 1067 2576; x_wconf 86' lang='lat' dir='ltr'>consequentiam.</span> <span class='ocrx_word' id='word_1_151' title='bbox 1106 2547 1108 2552; x_wconf 77' lang='grc'>,</span> <span class='ocrx_word' id='word_1_152' title='bbox 1174 2534 1175 2538; x_wconf 63' lang='lat'>,</span> 
     </span>
     <span class='ocr_line' id='line_1_20' title="bbox 80 2585 1067 2688; baseline 0.001 -31"><span class='ocrx_word' id='word_1_153' title='bbox 80 2585 225 2674; x_wconf 84' lang='lat' dir='ltr'>Etenim</span> <span class='ocrx_word' id='word_1_154' title='bbox 239 2591 510 2688; x_wconf 86' lang='lat' dir='ltr'>Chrysostomus</span> <span class='ocrx_word' id='word_1_155' title='bbox 522 2593 590 2662; x_wconf 92' lang='lat' dir='ltr'>hoc</span> <span class='ocrx_word' id='word_1_156' title='bbox 608 2607 706 2661; x_wconf 82' lang='lat' dir='ltr'>textu</span> <span class='ocrx_word' id='word_1_157' title='bbox 724 2589 869 2680; x_wconf 82' lang='lat' dir='ltr'>famoso,</span> <span class='ocrx_word' id='word_1_158' title='bbox 883 2615 990 2685; x_wconf 90' lang='lat' dir='ltr'>quem</span> <span class='ocrx_word' id='word_1_159' title='bbox 1010 2587 1067 2678; x_wconf 89' lang='lat' dir='ltr'>de·</span> 
     </span>
     <span class='ocr_line' id='line_1_21' title="bbox 81 2699 1072 2799; baseline 0.001 -31"><span class='ocrx_word' id='word_1_160' title='bbox 81 2715 267 2796; x_wconf 79' lang='lat' dir='ltr'>provatum</span> <span class='ocrx_word' id='word_1_161' title='bbox 294 2716 427 2799; x_wconf 83' lang='lat' dir='ltr'>putant,</span> <span class='ocrx_word' id='word_1_162' title='bbox 452 2700 644 2797; x_wconf 81' lang='lat' dir='ltr'>legantque</span> <span class='ocrx_word' id='word_1_163' title='bbox 663 2699 895 2771; x_wconf 83' lang='lat' dir='ltr'>diversimode</span> <span class='ocrx_word' id='word_1_164' title='bbox 922 2700 1072 2770; x_wconf 77' lang='lat' dir='ltr'>Douuae-</span> 
     </span>
    </p>

    <p class='ocr_par' dir='ltr' id='par_1_4' title="bbox 51 2805 1129 3454">
     <span class='ocr_line' id='line_1_22' title="bbox 51 2805 1067 2905; baseline -0.002 -30"><span class='ocrx_word' id='word_1_165' title='bbox 51 2841 54 2849; x_wconf 96' lang='lat'>·</span> <span class='ocrx_word' id='word_1_166' title='bbox 81 2833 137 2876; x_wconf 90' lang='lat' dir='ltr'>us·</span> <span class='ocrx_word' id='word_1_167' title='bbox 152 2807 297 2905; x_wconf 78' lang='lat' dir='ltr'>AngluS,</span> <span class='ocrx_word' id='word_1_168' title='bbox 323 2807 442 2879; x_wconf 88' lang='lat' dir='ltr'>Xistus</span> <span class='ocrx_word' id='word_1_169' title='bbox 470 2809 632 2878; x_wconf 86' lang='lat' dir='ltr'>Senensis</span> <span class='ocrx_word' id='word_1_170' title='bbox 658 2807 794 2901; x_wconf 78' lang='lat' dir='ltr'>aliique,</span> <span class='ocrx_word' id='word_1_171' title='bbox 820 2807 976 2902; x_wconf 88' lang='lat' dir='ltr'>primum</span> <span class='ocrx_word' id='word_1_172' title='bbox 996 2805 1067 2874; x_wconf 91' lang='lat' dir='ltr'>duo</span> 
     </span>
     <span class='ocr_line' id='line_1_23' title="bbox 80 2909 1068 3015; baseline -0.003 -28"><span class='ocrx_word' id='word_1_173' title='bbox 80 2919 160 2990; x_wconf 86' lang='lat' dir='ltr'>haec</span> <span class='ocrx_word' id='word_1_174' title='bbox 171 2917 324 3015; x_wconf 90' lang='lat' dir='ltr'>adstruit</span> <span class='ocrx_word' id='word_1_175' title='bbox 342 2935 462 2990; x_wconf 86' lang='lat' dir='ltr'>contra</span> <span class='ocrx_word' id='word_1_176' title='bbox 481 2920 502 2990; x_wconf 88' lang='lat' dir='ltr'><strong>J</strong></span> <span class='ocrx_word' id='word_1_177' title='bbox 505 2919 641 2995; x_wconf 82' lang='lat' dir='ltr'>udaeos:</span> <span class='ocrx_word' id='word_1_178' title='bbox 660 2933 695 2987; x_wconf 91' lang='lat' dir='ltr'>et</span> <span class='ocrx_word' id='word_1_179' title='bbox 713 2917 972 3014; x_wconf 73' lang='lat' dir='ltr'>distinctionem</span> <span class='ocrx_word' id='word_1_180' title='bbox 989 2909 1068 3014; x_wconf 86' lang='lat' dir='ltr'>per·</span> 
     </span>
     <span class='ocr_line' id='line_1_24' title="bbox 84 3021 1068 3124; baseline -0.002 -30"><span class='ocrx_word' id='word_1_181' title='bbox 84 3050 179 3096; x_wconf 85' lang='lat' dir='ltr'>sonae</span> <span class='ocrx_word' id='word_1_182' title='bbox 206 3025 312 3109; x_wconf 87' lang='lat' dir='ltr'>divini</span> <span class='ocrx_word' id='word_1_183' title='bbox 336 3027 458 3118; x_wconf 84' lang='lat' dir='ltr'>Patris,</span> <span class='ocrx_word' id='word_1_184' title='bbox 477 3029 536 3124; x_wconf 89' lang='lat' dir='ltr'>qui</span> <span class='ocrx_word' id='word_1_185' title='bbox 562 3027 674 3117; x_wconf 79' lang='lat' dir='ltr'>unxit,</span> <span class='ocrx_word' id='word_1_186' title='bbox 692 3051 711 3095; x_wconf 91' lang='lat' dir='ltr'>a</span> <span class='ocrx_word' id='word_1_187' title='bbox 728 3049 875 3123; x_wconf 86' lang='lat' dir='ltr'>persona</span> <span class='ocrx_word' id='word_1_188' title='bbox 894 3021 998 3096; x_wconf 84' lang='lat' dir='ltr'>divini</span> <span class='ocrx_word' id='word_1_189' title='bbox 1017 3025 1068 3105; x_wconf 85' lang='lat' dir='ltr'>Fi·</span> 
     </span>
     <span class='ocr_line' id='line_1_25' title="bbox 82 3128 1129 3234; baseline 0 -32"><span class='ocrx_word' id='word_1_190' title='bbox 82 3131 130 3227; x_wconf 84' lang='lat' dir='ltr'>lii,</span> <span class='ocrx_word' id='word_1_191' title='bbox 158 3136 217 3232; x_wconf 91' lang='lat' dir='ltr'>qui</span> <span class='ocrx_word' id='word_1_192' title='bbox 243 3162 262 3206; x_wconf 93' lang='lat' dir='ltr'>a</span> <span class='ocrx_word' id='word_1_193' title='bbox 287 3137 388 3207; x_wconf 87' lang='lat' dir='ltr'>Patre</span> <span class='ocrx_word' id='word_1_194' title='bbox 415 3146 545 3208; x_wconf 88' lang='lat' dir='ltr'>unctus</span> <span class='ocrx_word' id='word_1_195' title='bbox 568 3151 630 3227; x_wconf 80' lang='lat' dir='ltr'>est3</span> <span class='ocrx_word' id='word_1_196' title='bbox 657 3152 692 3206; x_wconf 90' lang='lat' dir='ltr'>et</span> <span class='ocrx_word' id='word_1_197' title='bbox 717 3159 837 3205; x_wconf 86' lang='lat' dir='ltr'>veram</span> <span class='ocrx_word' id='word_1_198' title='bbox 862 3132 970 3234; x_wconf 87' lang='lat' dir='ltr'>ipsius</span> <span class='ocrx_word' id='word_1_199' title='bbox 990 3131 1080 3202; x_wconf 17' lang='lat' dir='ltr'>Filii*</span> <span class='ocrx_word' id='word_1_200' title='bbox 1123 3128 1129 3172; x_wconf 70' lang='lat' dir='ltr'>s</span> 
     </span>
     <span class='ocr_line' id='line_1_26' title="bbox 84 3243 1069 3346; baseline 0.003 -32"><span class='ocrx_word' id='word_1_201' title='bbox 84 3245 237 3318; x_wconf 89' lang='lat' dir='ltr'>hominis</span> <span class='ocrx_word' id='word_1_202' title='bbox 263 3247 344 3318; x_wconf 88' lang='lat' dir='ltr'>sacti</span> <span class='ocrx_word' id='word_1_203' title='bbox 371 3245 560 3338; x_wconf 85' lang='lat' dir='ltr'>deitatem,</span> <span class='ocrx_word' id='word_1_204' title='bbox 588 3249 685 3346; x_wconf 92' lang='lat' dir='ltr'>quasi</span> <span class='ocrx_word' id='word_1_205' title='bbox 712 3244 857 3336; x_wconf 63' lang='lat' dir='ltr'>disserit,</span> <span class='ocrx_word' id='word_1_206' title='bbox 883 3243 1069 3336; x_wconf 80' lang='lat' dir='ltr'>ostendens</span> 
     </span>
     <span class='ocr_line' id='line_1_27' title="bbox 85 3352 1065 3454; baseline 0 -30"><span class='ocrx_word' id='word_1_207' title='bbox 85 3368 163 3426; x_wconf 73' lang='lat' dir='ltr'>mm</span> <span class='ocrx_word' id='word_1_208' title='bbox 189 3356 277 3427; x_wconf 85' lang='lat' dir='ltr'>duos</span> <span class='ocrx_word' id='word_1_209' title='bbox 295 3352 578 3454; x_wconf 54' lang='lat' dir='ltr'>personnarum</span> <span class='ocrx_word' id='word_1_210' title='bbox 605 3361 724 3430; x_wconf 85' lang='lat' dir='ltr'>Deum</span> <span class='ocrx_word' id='word_1_211' title='bbox 742 3364 775 3427; x_wconf 83' lang='lat' dir='ltr'>et</span> <span class='ocrx_word' id='word_1_212' title='bbox 793 3353 987 3426; x_wconf 76' lang='lat' dir='ltr'>hominem.</span> <span class='ocrx_word' id='word_1_213' title='bbox 1007 3355 1065 3424; x_wconf 88' lang='lat' dir='ltr'>Se-</span> 
     </span>
    </p>

    <p class='ocr_par' dir='ltr' id='par_1_5' title="bbox 38 3465 1151 3679">
     <span class='ocr_line' id='line_1_28' title="bbox 38 3465 1067 3570; baseline -0.001 -33"><span class='ocrx_word' id='word_1_214' title='bbox 38 3479 40 3483; x_wconf 83' lang='grc'><strong>’</strong></span> <span class='ocrx_word' id='word_1_215' title='bbox 75 3467 201 3539; x_wconf 73' lang='lat' dir='ltr'>&#39;cundo</span> <span class='ocrx_word' id='word_1_216' title='bbox 228 3485 345 3539; x_wconf 89' lang='lat' dir='ltr'>autem</span> <span class='ocrx_word' id='word_1_217' title='bbox 372 3469 582 3542; x_wconf 76' lang='lat' dir='ltr'>sabellianos</span> <span class='ocrx_word' id='word_1_218' title='bbox 609 3469 814 3570; x_wconf 79' lang='lat' dir='ltr'>perstringit</span> <span class='ocrx_word' id='word_1_219' title='bbox 841 3465 1067 3566; x_wconf 87' lang='lat' dir='ltr'>ejusdemque</span> 
     </span>
     <span class='ocr_line' id='line_1_29' title="bbox 85 3581 1151 3679; baseline -0.002 -31"><span class='ocrx_word' id='word_1_220' title='bbox 85 3581 271 3650; x_wconf 86' lang='lat' dir='ltr'>commatis</span> <span class='ocrx_word' id='word_1_221' title='bbox 297 3582 507 3673; x_wconf 80' lang='lat' dir='ltr'>Haereticos,</span> <span class='ocrx_word' id='word_1_222' title='bbox 533 3583 594 3679; x_wconf 89' lang='lat' dir='ltr'>qui</span> <span class='ocrx_word' id='word_1_223' title='bbox 621 3581 882 3671; x_wconf 79' lang='lat' dir='ltr'>distinctionem</span> <span class='ocrx_word' id='word_1_224' title='bbox 908 3604 1072 3678; x_wconf 84' lang='lat' dir='ltr'>persona·</span> <span class='ocrx_word' id='word_1_225' title='bbox 1119 3645 1121 3650; x_wconf 86' lang='grc'>,</span> <span class='ocrx_word' id='word_1_226' title='bbox 1150 3657 1151 3662; x_wconf 13' lang='lat'>¹</span> 
     </span>
    </p>

    <p class='ocr_par' dir='ltr' id='par_1_6' title="bbox 10 3688 1086 4009">
     <span class='ocr_line' id='line_1_30' title="bbox 10 3688 1081 3790; baseline 0 -32"><span class='ocrx_word' id='word_1_227' title='bbox 10 3751 15 3768; x_wconf 19' lang='lat' dir='ltr'>a,</span> <span class='ocrx_word' id='word_1_228' title='bbox 64 3713 162 3758; x_wconf 69' lang='lat' dir='ltr'>vrum</span> <span class='ocrx_word' id='word_1_229' title='bbox 175 3690 212 3758; x_wconf 92' lang='lat' dir='ltr'>iu</span> <span class='ocrx_word' id='word_1_230' title='bbox 230 3691 399 3761; x_wconf 87' lang='lat' dir='ltr'>Trinitate</span> <span class='ocrx_word' id='word_1_231' title='bbox 418 3688 650 3788; x_wconf 75' lang='lat' dir='ltr'>denegabant</span> <span class='ocrx_word' id='word_1_232' title='bbox 663 3694 779 3782; x_wconf 86' lang='lat' dir='ltr'>Quare</span> <span class='ocrx_word' id='word_1_233' title='bbox 797 3692 977 3790; x_wconf 75' lang='lat' dir='ltr'>nimquam</span> <span class='ocrx_word' id='word_1_234' title='bbox 991 3692 1081 3788; x_wconf 85' lang='lat' dir='ltr'>ipse¹</span> 
     </span>
     <span class='ocr_line' id='line_1_31' title="bbox 83 3795 1069 3895; baseline -0.005 -28"><span class='ocrx_word' id='word_1_235' title='bbox 83 3795 277 3889; x_wconf 82' lang='lat' dir='ltr'>Nestorius,</span> <span class='ocrx_word' id='word_1_236' title='bbox 301 3825 481 3895; x_wconf 85' lang='lat' dir='ltr'>nunquam</span> <span class='ocrx_word' id='word_1_237' title='bbox 506 3799 654 3872; x_wconf 85' lang='lat' dir='ltr'>Nestorii</span> <span class='ocrx_word' id='word_1_238' title='bbox 681 3799 832 3871; x_wconf 82' lang='lat' dir='ltr'>fautores</span> <span class='ocrx_word' id='word_1_239' title='bbox 849 3799 934 3868; x_wconf 91' lang='lat' dir='ltr'>illud</span> <span class='ocrx_word' id='word_1_240' title='bbox 952 3797 1069 3868; x_wconf 89' lang='lat' dir='ltr'>obtru-</span> 
     </span>
     <span class='ocr_line' id='line_1_32' title="bbox 86 3911 1086 4009; baseline -0.003 -33"><span class='ocrx_word' id='word_1_241' title='bbox 86 3923 204 3980; x_wconf 88' lang='lat' dir='ltr'>serunt</span> <span class='ocrx_word' id='word_1_242' title='bbox 230 3911 472 4009; x_wconf 84' lang='lat' dir='ltr'>Chrysostomi</span> <span class='ocrx_word' id='word_1_243' title='bbox 500 3911 762 4004; x_wconf 88' lang='lat' dir='ltr'>testimonium:</span> <span class='ocrx_word' id='word_1_244' title='bbox 782 3926 817 3981; x_wconf 88' lang='lat' dir='ltr'>et</span> <span class='ocrx_word' id='word_1_245' title='bbox 836 3925 965 3982; x_wconf 85' lang='lat' dir='ltr'>caetero</span> <span class='ocrx_word' id='word_1_246' title='bbox 985 3926 1086 3976; x_wconf 86' lang='lat' dir='ltr'>sane·</span> 
     </span>
    </p>
   </div>
   <div class='ocr_carea' id='block_1_2' title="bbox 0 0 1458 4962">
    <p class='ocr_par' dir='ltr' id='par_1_7' title="bbox 0 0 1458 4962">
     <span class='ocr_line' id='line_1_33' title="bbox 0 0 1458 4962; baseline 0 0"><span class='ocrx_word' id='word_1_247' title='bbox 0 0 1458 4962; x_wconf 95' lang='lat' dir='ltr'> </span> 
     </span>
    </p>
   </div>
  </div>
 </body>
</html>
