2908 4962
405 438 476 516 130
655 473 718 520 tn.
743 477 782 526 ιν.
803 479 973 534 seonorus
998 488 1034 534 ιη
1060 493 1090 540 o.
1116 495 1128 541 r

399 545 542 624 dientiae
567 556 771 656 exemplum
796 561 932 664 legibus
963 601 1085 672 parere
1109 581 1219 656 voluit
1238 602 1325 664 tum
1352 591 1393 665 de

397 655 689 738 circumcidendis
701 672 831 766 pueris,
848 692 927 751 tum
939 681 984 752 dc
1004 691 1230 787 vectigalibus
1243 698 1390 774 solven-

396 765 460 859 dis,
484 768 566 842 licet
590 773 657 848 illis
683 779 843 858 subditus
859 815 932 861 non
950 813 1050 868 esset
1076 803 1151 876 Nec
1176 805 1392 886 Tertulliani

394 904 435 950 ac
453 879 624 978 Origenis‚
641 914 722 962 cum
742 894 868 990 quibus
881 902 986 977 verba
1004 909 1110 983 Lucae
1124 913 1321 994 obtrudere
1335 949 1391 1000 so-

392 985 468 1058 lent
492 989 709 1091 Adversarii,
735 1027 799 1076 nos
824 1033 1009 1086 movemur
1038 1023 1255 1098 auctoritate.
1271 1030 1391 1104 innixi

392 1098 696 1198 conspiratissimae
713 1113 820 1186 totius
837 1119 1016 1196 christiani
1042 1128 1136 1204 orbis
1161 1139 1388 1216 auctoritati:

391 1201 418 1274 ii
436 1207 531 1278 enirn
549 1219 741 1308 pervetusti
767 1223 975 1326 Scriptores,
991 1238 1053 1332 qui
1068 1241 1239 1317 Ecclesiae
1265 1245 1387 1324 homi·

393 1333 456 1384 nes
481 1318 733 1416 nonsuerunt,
748 1345 788 1402 ut
799 1336 918 1433 phrasi
936 1358 1014 1415 utar
1031 1347 1250 1450 Hieronymi,
1263 1383 1386 1453 quem·

391 1419 582 1501 admodum
609 1433 646 1504 in
669 1435 743 1512 aliis
761 1445 893 1541 multis,
911 1467 947 1524 et
963 1455 1021 1528 hic
1037 1485 1057 1530 a
1073 1460 1175 1536 nohis
1193 1451 1384 1542 deserendi

390 1549 481 1627 sunt3
506 1566 589 1614 nam
605 1544 671 1646 ipsi
689 1555 873 1632 veritatem
892 1561 1142 1644 deseruerunt:
1169 1602 1278 1674 quam
1294 1607 1383 1654 vero

389 1665 503 1718 canon
532 1655 656 1728 tertius
686 1659 835 1738 Concilii
869 1672 984 1748 Later.
1010 1679 1075 1752 sub
1102 1683 1256 1760 Martino
1281 1692 1300 1762 Ι
1326 1719 1381 1767 so-

388 1747 553 1830 lemniter
577 1768 728 1862 agnovit,
754 1775 971 1881 firmiterque
997 1789 1149 1864 retinuit.

438 1862 616 1966 Objiciunt
641 1879 841 1960 Helvidieni
865 1889 954 1966 illud
967 1898 1123 1973 Matthaei
1141 1903 1292 2002 dictum,
1313 1914 1378 1987 Jo-

384 1973 472 2071 saph
488 2003 561 2052 non
578 1990 788 2082 cognovisse,
795 1997 950 2095 Mariam,
962 2005 1075 2081 dorne
1086 2017 1224 2110 peperit
1228 2017 1377 2110 filium:

386 2102 471 2176 ergo
496 2109 650 2186 apparet,
674 2098 723 2172 ait
747 2129 858 2203 penes
885 2111 1144 2215 Hieronymum
1178 2124 1376 2222 Helvidius,

385 2196 566 2284 cognitam
583 2228 655 2278 esse
674 2229 757 2305 post
768 2233 926 2312 partum.
943 2200 987 2322 H.
1003 2230 1044 2300 N.
1071 2241 1374 2334 consequentiam.

387 2301 514 2377 Donec
532 2327 567 2382 et
581 2339 691 2413 usque
708 2349 801 2425 saepe
818 2347 966 2428 eertum,
980 2365 1075 2442 saepe
1091 2343 1270 2421 infinitum
1289 2367 1372 2425 tem·

385 2437 453 2510 pus
478 2417 683 2521 significant,
711 2448 749 2503 ut
765 2437 858 2510 istud
883 2443 920 2513 in
936 2447 1137 2549 Prophetis,
1153 2456 1270 2554 inquit
1294 2463 1374 2534 Hie·

385 2543 564 2622 ronymus,
589 2535 665 2630 Ego
691 2565 784 2636 sum,
802 2573 872 2644 ego
898 2577 995 2644 sum,
1012 2574 1059 2647 et,
1076 2560 1189 2636 donec
1210 2591 1368 2641 senesca-

383 2631 441 2716 tis,
465 2658 529 2730 ego
546 2664 648 2716 sitm:
666 2658 854 2751 numquid,
874 2679 1067 2764 postquam
1093 2671 1146 2744 illi
1170 2681 1369 2766 senuerint,

383 2742 482 2818 Deus
508 2774 580 2826 esse
605 2756 775 2837 desistet?
799 2796 866 2844 nec
891 2801 975 2874 ergo
1000 2783 1142 2879 pariter,
1177 2803 1369 2885 postquam

381 2851 490 2928 Maria
515 2868 676 2964 peperit,
701 2892 761 2946 aut
795 2885 935 2980 cognita
962 2887 1029 2961 fuit
1057 2919 1081 2992 ⁸a
1115 2895 1273 2995 Joseph,
1309 2916 1369 2974 aut

385 2961 482 3061 virgo
508 2995 582 3044 esse
601 2976 743 3075 destitit3
761 2988 824 3060 sed
841 2990 885 3062 ad
907 2993 993 3067 illud
1012 3025 1122 3098 usque
1140 3018 1281 3104 tempus
1303 3007 1368 3082 vir·

381 3097 427 3166 go
453 3090 654 3180 permansit,
680 3119 720 3165 nc
745 3100 871 3174 exinde
898 3107 995 3205 virgo
1027 3117 1276 3210 perseveravit.
1313 3120 1365 3190 si-

381 3184 639 3275 gnificationem
666 3203 766 3296 hanc,
797 3237 904 3307 quam
926 3215 1085 3314 pluribus
1103 3222 1367 3322 Scripturarum

382 3301 551 3398 exemplis
577 3309 610 3378 S.
635 3311 731 3384 idem
747 3319 880 3393 Doctor
898 3341 934 3396 et
951 3329 1081 3426 passim
1099 3358 1139 3404 ac
1156 3333 1262 3434 vulgo
1288 3362 1363 3408 om-

380 3429 443 3474 nes
468 3409 662 3513 adstruunt,
679 3423 823 3500 illustria
841 3433 1057 3528 Latinorum,
1075 3443 1211 3514 Horatii
1233 3443 1293 3516 lib.
1310 3447 1364 3520 III

381 3510 437 3583 od.
451 3515 560 3614 5-45,
574 3541 609 3596 et
620 3537 816 3628 praesertim
830 3541 871 3611 Τ.
883 3544 973 3616 Livii
987 3545 1111 3620 lihlc.
1123 3549 1267 3642 39,loca
1280 3578 1363 3626 cou-

381 3628 531 3706 firmant.
550 3639 607 3712 Sic
623 3645 718 3716 enim
743 3646 791 3719 ibi
808 3651 915 3724 refert
932 3654 1237 3754 eloquentissimus
1254 3663 1362 3769 histo·

381 3747 442 3820 riae
467 3751 633 3825 Romanae
660 3759 803 3856 pa'rens:
824 3792 841 3831 n
861 3766 916 3837 Eo
934 3781 1093 3867 tempore
1110 3771 1147 3841 in
1165 3773 1259 3870 regia
1277 3801 1360 3874 pro·

325 3870 333 3883 ·
377 3856 511 3958 digium
539 3865 612 3940 visu
639 3885 837 3969 eventuque
863 3875 1022 3949 mirabile
1055 3879 1131 3954 suit.
1146 3883 1261 3958 Puero
1279 3883 1359 3957 don.
