2942 4962
408 531 480 604 tat
654 554 717 603 arn.
743 534 778 605 ιν
804 553 973 604 scurrone
998 553 1033 604 iv
1056 551 1089 604 et
1105 551 1138 602 'n
1231 625 1233 628 Ι

405 641 492 712 cisse
517 664 559 713 eo
579 625 686 712 sensu
712 636 985 732 Catholicorum,
1011 639 1107 738 quod
1132 665 1269 741 poenae,
1294 667 1380 739 quas
1453 635 1454 704 i

404 746 572 848 pertulit,
609 765 725 822 essent
761 749 869 824 veluti
902 749 1054 848 pretium
1083 763 1210 822 nostrae
1245 745 1381 821 redem-
1453 803 1454 814 t

404 860 555 958 ptionis‚
580 861 618 932 iu
643 858 738 958 quod
763 859 880 932 debita
905 861 1006 933 uobis
1032 859 1198 962 supplicia
1224 885 1381 952 commu·
1453 923 1454 938 2

403 969 683 1060 tarentunNam
708 987 857 1069 ponunt,
882 987 922 1042 ut
947 971 997 1042 sic
1022 971 1211 1062 satisfieret,
1231 995 1302 1043 non
1328 970 1381 1042 su·
1453 973 1454 998 ³

403 1079 471 1152 isse
508 1081 762 1173 necessarium,
799 1083 1009 1180 Patremque
1034 1083 1218 1154 AEternum
1251 1080 1381 1173 heneli-

403 1192 596 1263 cautissima
624 1191 882 1285 misericordia,
912 1194 985 1264 sine
1012 1191 1083 1264 ullo
1109 1193 1153 1264 ad
1178 1193 1377 1292 passionem

404 1301 533 1371 Christi
559 1319 731 1401 respectu,
756 1305 899 1400 peccata
918 1304 1035 1374 omnia
1052 1303 1093 1374 iis
1111 1301 1300 1394 dimittere,
1317 1303 1378 1400 qui

403 1409 549 1482 credunt
574 1413 610 1482 in
637 1438 728 1482 cum.
745 1412 834 1500 Quae
853 1411 937 1504 dum
956 1413 1002 1482 ita
1020 1413 1236 1508 confingunt,
1252 1410 1376 1509 impro

400 1523 476 1622 prie
503 1538 638 1594 tantum
666 1547 705 1593 ac
730 1525 967 1622 metaphorice
993 1523 1171 1594 Christum
1188 1546 1253 1620 pro
1269 1521 1377 1592 homi·
1453 1607 1454 1620 χ

401 1631 736 1724 nibussatissecisse,
753 1632 883 1725 dieunt,
901 1633 1134 1731 fatenturque,
1150 1647 1309 1704 nostrum
1326 1658 1376 1703 es·
1453 1623 1454 1640 ¹

401 1771 437 1814 se
463 1745 747 1844 Redemptorem,
765 1745 825 1816 sed
847 1761 1018 1843 quatenus
1045 1745 1216 1818 scelerum
1241 1761 1376 1816 nostro·
1453 1795 1454 1812 t

401 1882 478 1926 rum
506 1857 642 1928 veniam
670 1857 773 1953 gratis
799 1858 998 1949 ohtiuuerit,
1024 1873 1060 1930 et
1086 1857 1242 1930 doctriua
1272 1871 1375 1953 atque
1453 1915 1454 1920 ,

401 1966 482 2038 vitae
508 1967 670 2065 exemplo
696 1967 818 2038 salutis
843 1982 980 2038 retemta
1008 1968 1116 2053 viam,
1142 1967 1189 2036 ait
1214 1964 1374 2056 FaustuS,
1453 1999 1454 2060 3

400 2076 501 2148 nodis
527 2081 773 2165 unrtunciurit,
798 2078 1038 2172 confirmavit,
1063 2093 1097 2150 et
1121 2075 1280 2150 ostendit
1453 2067 1454 2082 ¹

447 2187 478 2256 E
502 2184 671 2257 diametro
697 2203 790 2257 stant
816 2187 987 2258 Catholici
1005 2213 1147 2278 onmes,
1164 2184 1373 2281 docentque,
1453 2183 1454 2272 i

399 2289 602 2362 satisfecisse
630 2295 808 2364 Christum
833 2320 898 2392 pro
925 2295 1063 2367 offensis
1078 2287 1272 2390 ¹homiuum
1291 2319 1373 2366 vere
1453 2375 1454 2388 ἢ

397 2423 437 2470 ac
463 2401 626 2496 proprie,
651 2416 687 2470 et
712 2427 776 2473 nos
801 2404 1053 2478 interveniente
1080 2406 1133 2478 sui
1158 2402 1271 2504 pretio
1297 2427 1374 2474 san·

397 2511 511 2606 guinis
528 2509 632 2580 luisse
650 2509 861 2612 redempt0s3
878 2513 969 2588 idest
985 2516 1094 2589 effuso
1120 2514 1287 2612 sanguine
1317 2511 1373 2584 da·

396 2637 502 2718 toque
535 2621 785 2722 pretiosissimo
823 2627 891 2699 hoe
924 2628 1099 2728 sauguinis
1124 2617 1262 2726 lytroa
1294 2623 1373 2697 Dae·
1407 2621 1410 2630 ’

395 2733 509 2806 monis
534 2735 732 2832 captivitate
758 2737 942 2832 reductos,
967 2742 1004 2811 in
1030 2740 1181 2812 filiorum
1206 2736 1276 2807 Dei
1298 2756 1373 2807 sor·

395 2859 468 2919 tem
494 2870 534 2916 aa
555 2824 753 2917 libertatem
779 2845 946 2939 adsertOS,
970 2849 1006 2921 in
1033 2848 1153 2921 aeterni
1178 2845 1276 2944 regni
1301 2845 1373 2916 hae·

395 2951 577 3024 reditatem
604 2979 644 3025 ac
669 2959 923 3054 possessionem
949 2958 1107 3031 adscitos.

441 3063 603 3134 Nonnulli
630 3081 747 3136 tamen
773 3095 792 3138 e
812 3071 1009 3161 Catholicis,
1027 3069 1119 3142 salva
1136 3068 1216 3159 fide,
1234 3069 1370 3160 scotus,
1453 3069 1454 3120 ἶ

390 3170 586 3262 Durandus,
611 3173 821 3270 Vasquesius
847 3178 988 3274 aliique,
1015 3181 1144 3252 Christi
1169 3178 1371 3250 satisfactio-

392 3303 485 3366 nem,
511 3279 575 3348 etsi
601 3305 643 3350 ex
669 3307 749 3352 sana
777 3285 845 3357 fide
872 3285 1044 3358 fateantur
1067 3314 1141 3360 esse
1160 3285 1203 3358 de
1221 3285 1312 3358 sacto
1333 3304 1373 3358 et
1453 3335 1454 3340 κ

389 3411 506 3458 veram
546 3404 581 3458 et
607 3389 817 3488 condignam
844 3411 879 3466 et
903 3397 1146 3492 ,sufficientem
1181 3411 1217 3468 et
1248 3407 1392 3495 super·'

389 3497 636 3590 abundantem,
654 3501 759 3573 talem
776 3497 879 3578 luisse
898 3525 1063 3606 negante
1081 3511 1201 3581 stricta
1221 3508 1371 3608 justitia,
1453 3547 1454 3602 ;

385 3622 439 3680 'ex
465 3637 500 3681 se
527 3627 563 3681 et
580 3610 622 3681 ab
639 3612 826 3690 intrinseco
843 3620 1018 3712 nimirum3
1037 3647 1119 3694 cum
1141 3617 1370 3711 contendant,

383 3716 525 3815 justitiae
544 3723 741 3820 hujusmodi
760 3727 877 3827 plures
895 3728 1012 3801 deesse
1030 3727 1248 3802 conditiones
1264 3728 1300 3818 in
1318 3751 1369 3798 sa-
1420 3783 1422 3786 >

387 3828 581 3902 tisfactione
595 3888 605 3922 ,
640 3861 746 3931 quam
777 3840 934 3924 Christus
967 3837 1162 3944 impendit:
1197 3848 1366 3910 econtra
1453 3863 1454 3888 ³

349 3969 354 3998 .·
386 3935 487 4035 luisse
508 3941 549 4011 'in
577 3943 629 4014 sui
657 3947 763 4018 etiam
790 3973 930 4022 excessu
957 3948 1001 4022 ad
1036 3947 1175 4022 strictos
1204 3958 1365 4018 exactam
