2932 4970
379 503 436 586 ’tt
477 593 479 600 ,
555 601 558 608 ‚
731 529 878 578 masena.
907 527 1028 578 rinnon.v

379 621 569 698 ¹vobiscum
586 623 624 693 in
640 632 828 706 uternam,
846 616 1019 716 Spiriotm
1032 617 1196 690 ‘venetos
1208 668 1218 689 .
1231 668 1264 690 ..
1290 618 1375 716 Ipse

377 757 446 807 ¹tros
470 727 609 804 docebit
633 731 771 817 omnio,
787 743 821 801 et
836 743 997 825 suggeret
1015 725 1110 800 vobis
1126 732 1265 816 omnio,
1280 755 1373 826 quro

385 867 539 941 cumque
563 840 691 913 dixero
709 839 814 913 robis.
839 841 920 940 Ipse
945 840 1052 938 igitur
1077 837 1197 912 docuit
1222 840 1373 940 Aposto

374 955 438 1027 los
461 977 608 1025 omnem
634 953 833 1024 veritatem:
859 951 978 1050 potius
1007 952 1089 1023 hinc
1124 952 1270 1024 societas
1304 953 1375 1023 erit

373 1064 473 1135 'lucis
490 1061 536 1134 ad
551 1061 712 1134 tenebras
729 1061 902 1160 simulque
919 1062 1129 1154 consistent3
1156 1089 1263 1159 quam
1289 1084 1373 1133 cum

377 1164 586 1269 'illis'ipsius
610 1171 784 1262 Veritatis,
801 1171 944 1263 Christi,
961 1169 1206 1244 assertionibus
1232 1170 1375 1268 dogma·

387 1282 454 1354 tica
480 1307 545 1381 per
578 1281 774 1353 Ecclesiam
800 1296 860 1351 aut
893 1280 1100 1381 approbatio
1130 1279 1287 1352 salsitatis
1313 1297 1375 1352 aut

387 1391 566 1465 damnatio
591 1393 758 1468 veritatis.
784 1393 969 1464 Antistites
995 1419 1091 1491 ergo,
1109 1419 1208 1491 quoS,
1226 1419 1270 1464 ex
1292 1393 1374 1465 Act.

371 1501 448 1595 ⁸20,
476 1503 628 1603 Spiritus
652 1505 807 1576 Sanetus
819 1507 941 1602 posuit
958 1505 1149 1602 Episcopus
1167 1529 1283 1601 regere
1308 1507 1374 1576 Ec-

375 1617 511 1687 testam
538 1617 619 1704 Dei,
633 1641 723 1686 ‘eam
750 1641 813 1688 suo
836 1637 1031 1708 consensu,
1056 1617 1093 1686 in
1118 1613 1199 1687 fidei
1221 1640 1374 1688 morum-

387 1717 457 1824 que
482 1726 696 1824 magisterio,
722 1725 839 1798 fallere
865 1741 925 1797 aut
950 1725 1021 1797 salli
1047 1727 1218 1799 nesciunt.
1236 1726 1375 1798 Divino·

385 1865 467 1908 rum
492 1839 587 1910 hisce
604 1865 808 1939 praeconum
825 1838 969 1914 vocibus
994 1855 1204 1910 concentum
1224 1837 1374 1937 adjunge

387 1976 460 2022 non
485 1952 645 2024 omnium
671 1949 778 2024 modo
796 1949 1022 2025 cordatorum
1039 1952 1290 2050 Interpretum,
1312 1949 1374 2020 sed

387 2075 424 2130 et
449 2077 652 2134 sanctorum
678 2063 830 2136 maxime
854 2063 1011 2134 Petrum.
1035 2060 1139 2132 Unde
1166 2087 1249 2133 cum
1274 2061 1373 2132 Grae·

388 2173 438 2242 cis
463 2173 666 2271 Latinisque
692 2175 839 2266 Irenaeo,
865 2172 999 2273 Cyrillo
1012 2230 1022 2266 ,
1049 2175 1228 2274 Cypriano
1241 2228 1252 2265 ,
1278 2173 1375 2244 Hier.

389 2297 493 2378 atque
519 2281 593 2354 aliis
619 2285 653 2354 S.
677 2285 783 2356 Pater
809 2285 898 2382 Aug.
925 2286 1086 2357 omnium
1115 2283 1225 2356 veluti
1254 2298 1376 2354 mente

391 2383 427 2462 e't
452 2378 585 2465 calamo
610 2393 849 2494 perscribebat
872 2395 931 2468 lib.
951 2394 971 2468 7
991 2394 1035 2466 de
1060 2395 1260 2496 Baptismo:
1276 2395 1377 2488 fidet-

351 2505 353 2512 '
391 2503 447 2571 cio
474 2527 605 2574 recurre
632 2507 726 2575 vocis
750 2507 954 2592 asserimus,
971 2504 1069 2604 quod
1091 2505 1283 2577 tertinersoli
1307 2507 1377 2578 Ec·

365 2613 505 2684 cletiro
530 2617 762 2688 cerasensione
788 2615 994 2688 roboratum
1017 2632 1079 2690 est.

441 2721 564 2812 Qualia
576 2726 686 2824 igitur
699 2752 742 2798 ex
754 2725 927 2798 infallibili
941 2728 1137 2800 Christiana
1149 2727 1318 2820 Ecclesia,
1330 2751 1377 2799 ex

392 2833 459 2906 hac
475 2834 596 2933 regula
613 2835 694 2910 fidei
721 2837 883 2928 animata,
899 2839 937 2908 in
954 2835 1178 2935 dogmatibus
1200 2837 1377 2908 adstruen-

394 2943 459 3036 dis,
476 2945 683 3024 inconcussa
696 2946 879 3044 Theologo
895 2973 968 3019 non
982 2961 1176 3046 suppetunt
1192 2971 1378 3041 argumen-

390 3055 443 3127 ta?
462 3057 583 3129 Oculis
596 3060 690 3158 capti
708 3058 811 3158 talpae
827 3057 959 3131 vident:
972 3057 1190 3158 lymphatico
1208 3056 1378 3129 stimulat-i

339 3264 340 3270 ἵ
389 3171 425 3240 in
438 3161 726 3244 Ecclesiamodio
740 3197 800 3254 sua
817 3171 1009 3245 Novatores
1022 3187 1148 3272 sponte
1162 3197 1234 3244 non
1244 3171 1376 3246 vident.

443 3279 495 3350 Sit
521 3280 664 3351 interim
689 3279 788 3353 velut
812 3280 1049 3373 corollarium,
1074 3280 1378 3358 animadversione

392 3387 649 3486 dignissimum,
675 3399 824 3491 sequeus
849 3395 960 3467 totius
985 3396 1037 3467 rei

362 3495 367 3500 ¹
715 3499 716 3506 '
785 3505 986 3580 Contionu-

442 3613 480 3682 1ο
507 3613 675 3712 Ejusdem
700 3618 905 3690 inerrantiae-
924 3617 1109 3718 privilegio
1130 3617 1281 3692 donatur
1313 3621 1378 3692 Ec·
1453 3631 1454 3664 ¹

390 3723 492 3798 clesia
517 3753 590 3800 non
617 3729 791 3802 salumin
817 3729 977 3804 doctrina
1006 3757 1149 3804 morum
1179 3731 1377 3807 universali·

371 3861 452 3909 um
465 3836 569 3931 ,sed-
590 3857 626 3914 et
651 3841 843 3943 disciplinae
880 3843 1071 3941 generalis,
1099 3842 1196 3942 quod
1230 3843 1274 3915 de
1307 3841 1375 3914 fide

388 3965 540 4022 constat:
568 3977 651 4026 cuna
676 3969 761 4024 tuuc
788 3953 937 4052 Spiritus
965 3953 1113 4027 Sanctus
1139 3953 1299 4046 assistat,
1325 3949 1376 4022 uti
1453 3953 1454 4010 i
