2908 4962
284 552 287 568 ,
388 510 430 557 oe
457 507 763 584 onnrsrucouroun
994 489 1096 584 135*Ι

81 614 171 672 turae
198 594 253 670 vel
278 611 400 696 partus
422 595 660 688 incommode,
678 623 749 669 nou
768 623 928 672 excessus
954 604 991 674 in
1017 609 1073 677 vi·

82 725 157 798 ctu,
169 733 241 781 non
257 732 399 780 morum
414 708 672 807 intemperiem,
690 711 762 780 hon
780 709 931 809 denique
948 741 1075 814 penca..

82 835 176 921 tum,
189 814 295 888 unde.
308 815 421 915 prima
439 831 475 886 et
493 818 635 914 antique
652 817 736 889 mali
752 817 874 892 luheszs
893 849 971 918 quae
993 829 1075 922 quie

83 925 166 1002 dem
199 924 359 997 homiues
385 923 527 998 adversa
553 927 743 1026 patiuntur.
774 929 990 1002 Eamobrem
1007 932 1084 1006 -des

84 1035 339 1136 speciosissimo
352 1034 451 1107 vultu
466 1035 597 1108 Christi
610 1036 753 1108 Domini
771 1035 866 1108 istud
883 1034 1071 1139 Prophetae

85 1143 316 1248 praedicamus
332 1147 387 1218 Ps.
406 1147 467 1238 ll,
491 1149 667 1242 speciosus
672 1149 804 1242 struma
818 1173 893 1245 prce
899 1149 991 1243 filiis
1009 1151 1068 1224 lzo·

87 1259 240 1346 minum
267 1255 365 1354 cujus
390 1281 446 1328 11ae
471 1255 568 1328 oculi
586 1255 812 1353 pulchriores
832 1262 926 1346 uine,
943 1276 977 1332 et
993 1261 1084 1334 deu-s

88 1383 138 1440 tes
164 1367 254 1440 lacte
280 1365 514 1451 candidiores,
532 1368 622 1440 sicut
639 1384 891 1466 praeuarretum
908 1388 962 1444 est
980 1375 1070 1446 Gen.

89 1478 150 1569 49.
169 1460 278 1568 Certe,
296 1477 344 1548 ait
361 1477 596 1575 Hieronymus
613 1476 658 1548 ud
675 1505 750 1578 cup.
769 1480 925 1552 Mutthaei
944 1484 978 1574 9,
990 1482 1074 1578 ful·
1104 1471 1106 1476 ,

90 1611 159 1684 gor
173 1589 243 1682 ipse
261 1601 295 1658 et
311 1589 477 1680 nmjestus
495 1587 686 1660 divinimtis
699 1590 862 1676 occultce,
876 1617 953 1687 quce
967 1597 1075 1666 etiam

94 1697 134 1767 iu
147 1694 420 1790 lmmanafucie
438 1695 626 1788 relucebat,
643 1701 824 1794 exprimo
843 1700 891 1770 ud
906 1725 940 1771 se
959 1703 1073 1776 riden-

91 1820 145 1896 tep·
169 1801 305 1876 trahere
329 1819 468 1904 poterat
493 1823 646 1902 aspectu.
663 1809 716 1879 lta
750 1809 856 1879 sentit
886 1809 1075 1883 Mellissuns·

90 1899 204 1993 deun.
233 1920 246 1990 i
281 1919 440 1992 omnium
467 1905 538 2013 SS,
564 1923 614 1993 sic
634 1923 678 1992 B.
710 1922 996 2020 Chrysostomus,
1026 1926 1073 1999 ita

91 2029 248 2120 Basilius,
272 2031 324 2105 sic
349 2026 578 2128 Augustinus,
603 2031 649 2103 ita
677 2032 842 2124 Thomas,
870 2034 929 2130 qui
958 2035 1074 2132 hujus·

93 2140 190 2216 modi
215 2141 451 2238 theologicam
477 2143 651 2214 rationem
681 2141 816 2242 profert
832 2143 870 2213 in
896 2143 1075 2216 Psalmum

92 2251 200 2327 modo
224 2254 383 2345 citatum,
408 2253 505 2351 qnod
530 2253 755 2354 pulchritudo
781 2256 818 2326 in
841 2256 982 2328 Christo
1007 2257 1074 2330 Do

95 2364 192 2437 mino
217 2365 382 2442 maxime
407 2362 627 2462 competebat
642 2363 690 2434 ud
705 2379 838 2436 statum
854 2381 902 2436 et¹
921 2389 1088 2438 reveren-⁶

2 2544 6 2548 ,
96 2475 184 2547 uam
207 2484 282 2546 sue
308 2472 545 2545 coriditionis:
584 2473 633 2543 ita
659 2471 809 2544 demum-
839 2474 1077 2573 Nicephorus‚

98 2589 171 2687 qui,
196 2602 237 2658 ut
261 2611 282 2658 a
307 2583 496 2684 MeJ'orihus
521 2599 714 2683 acceperat,
741 2585 830 2656 liist
856 2583 952 2656 Eccl.
989 2582 1079 2656 libro

101 2698 116 2770 t
149 2723 179 2769 c.
205 2689 254 2770 4ο
272 2693 316 2766 de
334 2696 416 2767 Jesu
434 2692 631 2767 loculenter
648 2693 772 2790 inquit,
797 2695 933 2790 egregio
952 2692 1080 2792 'vivido-

99 2829 168 2904 que
193 2804 294 2876 uului
307 2804 438 2898 sirit*

139 3189 148 3205 '
165 3177 224 3241 illuc⁸
237 3198 276 3240 est
291 3193 419 3240 continens
436 3191 550 3240 orationis
562 3190 636 3238 series
649 3186 759 3254 ejusdem
772 3185 902 3254 Nicephori
915 3184 1016 3250 Callisti,
1029 3195 1084 3255 post

97 3271 233 3324 Eusebium
249 3290 278 3324 ac
294 3274 421 3324 Socratem
438 3280 463 3322 et
480 3272 654 3334 sozomenum,
668 3268 854 3320 Theodoretnm
867 3276 892 3318 et
905 3269 1047 3320 Graecorum
1063 3289 1087 3320 a·

98 3353 152 3420 lios,
170 3354 249 3406 Greci
269 3357 329 3404 item
346 3353 531 3422 historiographi
548 3354 636 3405 soeculo
648 3353 718 3404 xlv:
738 3353 865 3419 «Egregio
877 3352 1007 3420 vividoque
1018 3351 1088 3406 vultu

99 3438 161 3502 suit,
179 3445 286 3508 corporis
303 3449 396 3492 statura
412 3444 444 3493 od
459 3441 594 3510 spithamas
611 3456 709 3508 prorsus
726 3448 833 3506 septem:
852 3439 972 3488 cesariem
1000 3437 1087 3492 habuit

98 3528 236 3579 subflavum
252 3545 299 3580 nec
321 3531 454 3580 admodum
471 3533 581 3595 demetri,
598 3529 725 3598 supercilia
738 3529 813 3594 nigra,
825 3524 906 3577 barino
917 3527 1030 3594 capillum
1048 3529 1088 3579 lla·
1181 3565 1184 3570 -

99 3629 158 3662 vum
168 3631 223 3670 ,nec
240 3615 373 3664 admodum
389 3616 531 3680 demissum,
548 3618 633 3684 cupitis
651 3631 709 3664 vero
726 3613 932 3680 prolixiorem...
950 3611 1027 3661 Porro
1044 3611 1091 3664 lru·
1136 3667 1139 3672 ,

99 3699 178 3746 menti
196 3696 303 3748 reserens
320 3697 443 3763 colorem,
461 3717 513 3750 uon
529 3701 678 3764 rotundam,
700 3705 740 3747 aut
763 3704 860 3746 acutum
880 3694 966 3744 hebuit
989 3695 1090 3758 seriem,

95 3777 141 3828 sed
156 3779 235 3848 qualis
252 3781 330 3830 Matri
341 3779 396 3848 ejus
414 3790 475 3847 erat,
492 3781 603 3850 paullum
615 3784 731 3836 deorsum
743 3796 827 3830 versus
840 3785 988 3845 vergentem,
1001 3795 1029 3826 ec
1040 3793 1090 3824 mo·

96 3863 152 3914 dire
161 3863 332 3932 rubicundam,
344 3872 486 3936 gravitatem
498 3883 555 3919 cum
567 3867 667 3920 lemtate
679 3873 846 3934 conjunctam,
855 3861 1091 3933 plumbilitaternque

105 3945 314 4011 praesesemutem.
329 3969 342 3997 u
