2942 4962
216 533 260 581 nt
277 530 383 580 cutio
401 527 531 580 cnsisrt
548 504 590 578 ετ
608 525 679 598 ss,
696 528 805 590 netto.
823 529 865 578 er
878 529 930 596 tn.
957 603 959 608 Ι
992 482 1070 578 ἳθῚ·

85 619 131 692 tis
157 616 335 694 offerimus
347 671 358 709 ,
382 641 449 690 nec
474 609 626 688 ullorum
652 613 780 714 probra
805 615 842 686 in
867 614 993 698 eorum
1016 643 1067 692 sa·

85 753 148 800 cra
173 727 428 800 convertimus.
453 723 541 797 Non
567 749 632 797 nos
660 725 791 798 eisdem
823 725 1040 827 martyribus
1052 727 1071 820 ,'

88 839 139 910 ait
154 836 226 930 ille,
243 837 387 936 tempto,
403 833 610 922 sacerdotia,
626 859 727 907 sacra
744 850 778 907 et
794 837 968 932 sacrificia
984 840 1065 926 'iteri-

87 952 268 1024 stitrtimtts
279 979 295 1038 ;
320 949 492 1048 quoniam
517 971 591 1019 non
617 947 709 1044 ipsi,
735 947 798 1019 sed
819 951 917 1023 Deus
942 971 1068 1038 eorum

55 1109 57 1114 -
88 1058 192 1131 nobis
208 1073 260 1132 est
275 1060 443 1132 Deus...
472 1057 562 1155 Quis
586 1073 707 1129 cutem
724 1057 857 1130 audivit
872 1061 1067 1160 aliquando

75 1165 250 1262 fidelium
261 1222 276 1255 ,
300 1182 451 1240 stantem
478 1165 705 1240 Sacerdotem
730 1165 779 1238 ad
801 1167 915 1256 altare¹
935 1174 1070 1258 etiam,

90 1287 199 1372 super
222 1291 389 1349 sanctam
414 1299 542 1373 corpus
562 1278 732 1374 ¹martyris
748 1275 797 1348 od
811 1277 881 1349 Dei
896 1275 1069 1351 honorem

89 1387 301 1484 cultumque
325 1403 584 1475 constructum,
610 1387 724 1460 dicere
745 1391 785 1458 in
803 1389 983 1484 precibus,
1011 1388 1072 1481 Of·

75 1495 167 1592 fero
194 1495 258 1570 tibi
281 1496 513 1589 sacrificium,
529 1497 629 1568 Petro
656 1497 709 1569 vei
725 1497 836 1570 Paule
854 1497 909 1570 vel
926 1495 1070 1602 Cyprio·

90 1631 151 1693 ne,
176 1631 290 1704 quum
314 1605 414 1705 apud
437 1631 562 1679 eorum
584 1605 773 1678 memorias
789 1603 964 1706 offeratur
979 1609 1070 1696 Deo,

89 1719 155 1814 qui
178 1739 237 1789 eos
262 1733 296 1788 et
320 1715 483 1790 homines
508 1731 543 1790 et
567 1730 741 1814 martyres
753 1715 864 1811 fecit,
880 1733 914 1788 et
938 1711 1071 1796 satietis

90 1829 166 1902 suis
191 1827 344 1925 Angelis
359 1829 490 1901 coelesti
506 1825 641 1900 licitere
657 1827 832 1900 sociavit?
857 1825 1004 1928 Temple
1022 1845 1071 1900 er*

91 1964 138 2036 go
164 1955 200 2011 et
225 1940 387 2038 quaedam
405 1939 467 2012 elia
487 1940 619 2014 nemini
635 1963 792 2036 unquam
810 1933 937 2038 praeter
953 1941 1072 2016 Deum‘

91 2046 205 2119 dicata
231 2049 394 2122 inerunt:
421 2049 515 2149 quod
546 2051 574 2120 si
604 2052 779 2148 martyrio
805 2076 864 2120 seu
890 2051 1071 2121 memorioe

90 2153 234 2228 Sanctis*
251 2162 446 2232 consecrari
472 2152 678 2232 dicebantur
703 2159 913 2256 antiquitus,
935 2182 974 2230 ee
999 2173 1073 2230 non'

93 2279 196 2338 erant
219 2269 285 2341 nisi
310 2271 453 2372 templa,
479 2298 557 2370 quee
573 2271 649 2343 Deo
667 2269 731 2342 sub
748 2271 967 2344 invocatione
984 2259 1081 2351 ''San-‘t

91 2394 231 2451 storum
257 2379 302 2454 ad
327 2405 519 2482 eorumque
544 2385 716 2456 honorem
743 2381 981 2480 erigebantur3·
1004 2381 1079 2480 qui·

92 2484 160 2558 bus
185 2505 222 2561 et
245 2516 341 2564 nunc
360 2493 497 2592 'temple
522 2491 588 2566 sub
614 2494 682 2564 hoc
707 2492 834 2563 intuitu
864 2485 1074 2571 tribuuntur.

144 2599 173 2696 S.
186 2602 221 2671 t.
237 2601 343 2675 Hisce
359 2605 593 2704 praenarratis
609 2620 746 2676 certum
763 2601 861 2695 facio,
880 2601 996 2675 divina
1013 2602 1074 2673 im·

91 2712 206 2811 pereni
231 2711 300 2784 fide
325 2714 528 2817 religiosam}
543 2713 807 2812 absolutamque
825 2715 997 2787 Divorum
1018 2711 1075 2784 ad·

92 2823 298 2896 emtionem.
324 2825 393 2898 Adi
421 2828 610 2899 sessionem
629 2825 678 2898 25
699 2825 807 2897 Cone.
833 2821 929 2896 Trid.
955 2822 997 2896 de
1022 2826 1075 2894 iro

96 2925 277 3008 vocatione
303 2952 338 3008 et
363 2941 582 3010 veneratione
607 2953 642 3010 et
676 2936 828 3033 reliquiis
857 2934 1076 3007 Sanctorum

93 3059 127 3116 et
151 3051 261 3120 sacris
287 3047 511 3145 imaginibus.
533 3043 709 3120 Abraham
728 3043 887 3146 proiecto
905 3045 981 3116 exi
1009 3046 1074 3117 Ge·

94 3167 243 3247 neseos‚
277 3171 314 3230 et
346 3161 451 3232 Josite
477 3186 520 3232 ex
546 3186 622 3260 cap.
644 3160 696 3231 sui
729 3156 808 3228 libri
842 3157 965 3256 quinto
999 3153 1076 3244 odo

10 3291 11 3328 Τ
94 3279 262 3337 caverunt
287 3265 458 3366 Angelos:
477 3293 605 3366 eosque
623 3265 778 3340 simulet
795 3280 932 3338 sanctos
949 3262 1075 3336 omnes

10 3453 11 3480 ᾖ
96 3375 133 3444 in
158 3373 293 3447 coelesti
326 3373 403 3448 anie
420 3393 606 3476 regnantes
623 3378 659 3448 in
676 3401 769 3449 novo
794 3393 859 3448 n'os
875 3373 1078 3446 Testamen-

98 3497 136 3554 to
161 3484 313 3558 colimus
339 3502 444 3586 atque
469 3486 661 3560 odoramus
692 3482 865 3582 verboque
891 3498 926 3556 et
952 3507 987 3558 re
1013 3505 1075 3554 seu

99 3595 239 3664 veritate
266 3619 489 3684 veneramur,
505 3597 619 3694 inquit
630 3595 793 3668 destines
811 3593 1076 3694 martyr;·idquc

97 3702 276 3793 omnibus,
292 3711 354 3803 qui
369 3707 500 3781 discere
526 3707 662 3793 colunt,
673 3791 675 3798 Α
687 3720 728 3776 ut
743 3705 837 3778 docti
854 3708 1071 3802 institutique
1160 3757 1163 3764 .

100 3840 239 3902 sumus,
264 3825 404 3917 copiose
430 3817 611 3890 tradimus.
632 3809 720 3887 Sunt
737 3817 762 3885 ii
780 3835 861 3886 sane
877 3808 985 3915 ipsius
1009 3813 1074 3886 Dei

101 3943 136 3998 et
161 3929 251 4003 servi
276 3947 312 4002 et
337 3933 442 4004 amici
467 3947 503 4002 et
527 3923 684 4002 haeredes
701 3942 738 3998 et
754 3925 837 4000 iilii:
864 3947 947 4024 ergo
968 3933 1074 4026 prout
