2908 4962
372 437 446 512 114
502 477 505 484 .
622 459 681 508 ιιι.
705 460 742 507 rr
767 456 943 510 statronis
970 459 994 508 ιι
1020 459 1050 509 c.
1075 459 1100 506 ιι

371 549 419 620 'sti
443 545 552 618 latere
576 542 740 635 manavit,
757 541 942 616 salutarem
960 541 1082 618 dicunt
1099 569 1140 616 ac
1156 544 1350 632 vivificum:

371 683 456 757 ergo
481 683 563 732 cum
590 653 769 728 divinitate
794 643 1073 752 inseparabiliter·
1106 656 1245 746 unitum
1270 681 1352 756 sup—

368 785 516 872 ponunt.
541 767 778 840 Confirmatur
794 793 839 840 ex
859 766 919 840 illo
936 769 1097 866 Gregorii
1115 767 1208 869 apud
1225 768 1351 842 Dama·

370 881 466 954 sceni
483 877 708 968 Scholiasten,
725 878 821 976 quod
840 876 1002 955 Verbum
1018 881 1128 952 semel
1146 881 1353 977 assumpsit,

370 1015 558 1090 uunquam
574 988 717 1063 dimisit:
736 991 924 1090 assumpsit
940 1016 1024 1064 vero
1041 991 1260 1092 hypostatice
1277 1017 1352 1062 san·

369 1105 515 1204 'guinem
540 1088 592 1192 uti
616 1117 824 1202 partem-ex
839 1102 883 1174 D.
901 1103 1038 1176 Thoma
1063 1104 1227 1176 humanae
1253 1117 1352 1174 natu·

370 1241 420 1288 rae
445 1213 691 1310 integrantem,
716 1227 822 1312 prout
846 1210 935 1284 insra
963 1203 1186 1284 disseremus:
1214 1212 1351 1310 sangui

368 1352 453 1397 nem
477 1324 585 1422 igitur
617 1321 734 1396 triduo
764 1324 890 1397 mortis
924 1349 996 1396 non
1027 1322 1168 1397 dimisit.
1203 1321 1351 1396 Accedit

367 1421 506 1506 'lactum
530 1433 580 1503 VI
610 1431 825 1525 Clementis,
850 1433 911 1530 qui
944 1433 1176 1506 Franciscano
1211 1430 1351 1504 cuidam

372 1544 628 1636 Concionatori,
647 1569 755 1640 quum
772 1545 966 1617 Barcinone
984 1569 1013 1615 a.
1033 1543 1122 1617 1351
1148 1559 1271 1618 contra
1292 1568 1351 1614 no

370 1667 481 1724 stram
505 1652 716 1723 sententiam
741 1651 880 1752 publice
904 1643 1183 1753 pronunciasset,
1207 1653 1351 1753 impera·

372 1764 435 1855 vit,
451 1777 491 1834 ut
508 1778 648 1834 caneret
663 1759 802 1861 publice
818 1761 1042 1862 palinodiam,
1060 1761 1152 1836 unde
1172 1778 1248 1836 tota
1266 1780 1351 1835 tunc

373 1871 519 1944 cenatio
545 1871 726 1971 consopita
752 1870 840 1965 fuit3
866 1887 945 1944 tum
978 1871 1105 1944 deiude
1140 1871 1273 1945 lactum
1296 1871 1350 1944 Pii

370 1983 420 2074 ll,
443 1981 503 2080 qui
528 1981 565 2050 in
590 1980 749 2054 triduana
775 1981 833 2054 illa
859 1984 1142 2077 concertatione,
1168 2007 1274 2081 quam
1303 2008 1353 2054 re·

374 2089 528 2182 tulimus,
552 2090 674 2188 majori
700 2117 782 2162 cum
806 2107 906 2189 parte
932 2090 1146 2169 adstantium
1163 2088 1353 2172 Cardinali·

375 2226 437 2272 um
463 2215 501 2270 et
524 2200 784 2298 Theologorum
796 2255 807 2294 ,
833 2204 1015 2274 sententiae
1040 2203 1121 2275 huic
1147 2217 1276 2275 nostrae
1302 2227 1354 2273 as·

371 2309 599 2382 sentiebatur.

369 2471 371 2477 -
425 2419 528 2493 Prob.
556 2421 594 2492 3⁰
620 2423 685 2494 hac
710 2424 981 2498 ratiocinatione.
1005 2425 1091 2498 Ideo
1117 2439 1260 2498 caroet
1285 2424 1355 2495 ani·

321 2561 323 2565 ⁴
369 2555 435 2602 -ma
458 2530 496 2601 in
522 2529 638 2602 triduo
664 2531 787 2604 monis
811 2531 930 2604 Verbo
954 2547 1198 2606 remanserunt
1221 2532 1354 2621 unitae,

267 2663 269 2667 ·
375 2640 456 2739 quia
478 2653 582 2711 erant
606 2666 685 2740 pars
712 2642 874 2713 humanae
900 2659 1032 2714 naturae
1058 2641 1284 2716 resumenda:
1301 2667 1356 2713 er·

369 2773 422 2848 ,go
447 2749 578 2849 pariter
604 2763 698 2821 totus
724 2751 861 2848 sanguis
890 2750 1168 2844 reassumendus‚
1194 2751 1274 2848 quia
1299 2765 1355 2821 est

366 2883 457 2960 ⁴pars
472 2860 651 2960 integralis
668 2864 830 2935 humanae
848 2880 991 2954 naturae,
1007 2862 1236 2937 indissolubili
1261 2887 1356 2936 nexu

378 2970 560 3045 devinctus
585 2973 649 3044 Dei
674 2973 791 3046 Verbo
816 2977 995 3046 remansit.
1011 2977 1098 3048 llaec
1115 2991 1234 3047 autem
1260 2992 1356 3047 coar-

379 3099 447 3174 cto,
470 3088 508 3154 et
533 3081 613 3154 dico
637 3100 777 3155 tanturn
797 3083 839 3156 de
858 3087 1023 3183 sanguine
1045 3085 1266 3160 resumendo.
1283 3085 1357 3159 Nec

378 3194 472 3264 eninr
498 3191 667 3282 dicimus,
692 3195 910 3292 hypostatice
936 3196 1071 3266 unitam
1097 3195 1202 3268 fuisse
1227 3193 1358 3267 Divini-

377 3317 486 3373 tatem
513 3301 627 3402 parvis
652 3302 693 3372 iis
720 3303 863 3398 guttulis
888 3306 926 3375 in
951 3307 1111 3404 passione
1137 3305 1265 3396 effusis,
1282 3305 1357 3376 sine

378 3411 503 3508 quibus
521 3425 589 3482 stat
606 3409 719 3483 adhuc
744 3413 923 3510 integrum
948 3441 1086 3514 corpus,
1104 3429 1141 3486 et
1157 3439 1242 3510 quas
1260 3412 1359 3487 Chri·

380 3539 453 3596 stus
479 3547 662 3620 resurgens
688 3550 758 3596 non
785 3528 1032 3626 reassumpsit,
1059 3526 1148 3598 sicut
1173 3533 1239 3596 ne'c
1263 3547 1358 3595 mau-
1422 3575 1423 3610 ,

370 3631 460 3701 ‘sisse
486 3632 618 3702 unitam
643 3633 878 3705 communiter
902 3635 1039 3707 Fideles
1065 3635 1264 3728 existimant
1297 3645 1358 3702 aut

378 3741 549 3841 pelliculae
575 3745 751 3845 praeputii,
776 3771 855 3841 quac
882 3747 1003 3819 Romae
1029 3761 1221 3820 asservatur
1237 3743 1274 3814 in
1290 3743 1357 3812 ‘La-

382 3852 565 3944 teranensi,
591 3870 651 3924 aut
676 3852 849 3946 dentibus,
876 3882 962 3952 quos
980 3857 1137 3928 Christus
1153 3851 1267 3924 inians
1284 3875 1357 3921 nru·
1422 3943 1423 3952 ἵ
