2908 4962
425 483 477 528 uc·
493 473 593 528 sarm
621 478 748 527 carissi
1006 457 1076 532 tlt

97 580 163 644 e'as
178 586 284 666 usque
296 563 344 638 ad
354 581 521 654 mo,rtem;
536 581 571 636 et
581 563 687 636 Hebr.
701 563 866 650 &diana
877 591 927 638 ex
937 569 1076 664 atqua

88 703 220 778 passus
232 692 294 766 est,
311 675 555 749 obedientiam:
573 677 750 748 enimvero
768 673 964 748 obedientia
979 679 1077 750 Chei-

95 790 152 880 sti,
165 804 206 858 ut
217 787 321 857 etiem
339 801 475 857 caeteroe
493 786 645 857 actiones
662 786 734 882 ejus
751 786 913 858 humanae
933 801 1075 876 natura,

95 925 179 972 eum
192 895 291 986 bibit,
301 895 383 987 edit,
392 895 591 986 ambulavit,
600 921 671 967 non
684 895 825 970 fuerunt
838 897 903 968 uisi
914 896 1030 970 volitio
1040 913 1076 969 et

94 1011 254 1111 operatio
271 1009 465 1102 voluntatis,
476 1011 655 1088 humanae:
682 1007 744 1084 secl
762 1009 903 1081 luerunt
921 1011 958 1082 in
977 1013 1074 1083 Chri-

93 1138 149 1194 sto
166 1120 320 1220 propriae
337 1121 443 1190 etiam
461 1120 680 1218 operationes
706 1118 894 1190 voluntatis
922 1141 993 1193 suae
1014 1149 1073 1192 ua·

93 1245 186 1301 turae
213 1227 352 1320 divinae,
377 1243 417 1298 ut
443 1228 665 1321 exsuscitatio
690 1229 811 1298 Lazari
838 1244 874 1300 et
898 1229 974 1321 alia,
992 1259 1074 1329 quse

92 1340 256 1412 Christus
285 1335 455 1410 mirabilia
488 1337 722 1438 perpetravit:
749 1363 834 1436 ergo
860 1353 953 1411 etc..
988 1342 1074 1414 Haec

89 1445 237 1518 mndem
264 1437 394 1518 diserta
421 1459 613 1542 suppetunt
639 1443 683 1514 ad
709 1451 815 1518 totius
843 1447 970 1519 adserti
992 1476 1073 1522 cou-

89 1557 329 1626 firmationem
355 1542 459 1624 etad
485 1554 624 1624 Macarii
650 1556 960 1648 Monotheliterum
986 1561 1077 1638 cele,-¹

87 1664 239 1737 berrinri
264 1664 522 1756 refutationem,
547 1691 626 1760 quae
651 1667 773 1736 Patres
800 1667 931 1766 Synodi
947 1671 997 1740 Vl
1015 1669 1078 1742 de·

87 1777 314 1850 claraverunt
337 1777 375 1846 in
392 1777 502 1847 Serm.
520 1773 563 1846 ad
580 1775 670 1876 hup.
685 1777 952 1855 Constantium:
973 1779 1072 1854 Chri·
1107 1791 1108 1796 ’

89 1901 191 1980 stum
208 1883 413 1982 perflatum
438 1888 476 1958 in
502 1886 650 1977 Deitate,
683 1900 717 1958 et
734 1885 940 1984 perflatum
972 1913 1070 1960 eum·

91 1997 179 2068 dam
202 2000 242 2068 in
267 1993 503 2082 hmnanitate3
528 1991 734 2071 seeundum
748 2002 887 2093 priscas
921 1997 1071 2072 Patrurn
1157 2038 1159 2040 ·

18 2131 20 2136 ·
97 2106 335 2196 Traditiones,
348 2123 382 2180 et
393 2107 551 2191 diuinam
570 2105 792 2181 Chalcedone
809 2109 985 2182 sanatam
996 2111 1073 2198 fore

96 2217 250 2311 mulam
272 2217 527 2320 praedicamus·
552 2231 586 2288 et
610 2217 911 2314 quemadmodum
927 2232 1073 2290 naturas

91 2329 183 2402 duas
203 2331 442 2428 percipimus,
468 2331 516 2400 ita
541 2343 575 2400 et
599 2328 687 2401 duas
713 2329 892 2402 naturales
919 2313 1075 2408 valuntaz

91 2455 157 2530 tes,
181 2456 215 2514 et
239 2441 328 2513 duas
346 2441 525 2516 naturales
542 2443 758 2538 operationes
783 2443 1068 2537 agnoscimus...

92 2553 149 2626 ne
162 2579 288 2626 earum
307 2539 534 2650 proprietates
551 2567 763 2624 naturarum
775 2554 1002 2649 perimentes,
1024 2567 1071 2624 et·

93 2664 169 2734 iam
193 2677 336 2734 naturas
356 2663 494 2759 pariter
510 2663 742 2757 perimamus.

106 2817 108 2822 ,
145 2767 330 2868 Objieiunt
354 2767 605 2849 Monatlielitoe.
630 2771 672 2838 Iu
708 2770 849 2842 Christo
885 2771 984 2842 unica
1019 2784 1072 2842 est

91 2905 252 2978 persona:
281 2905 365 2977 ergo
389 2878 490 2950 unica
515 2877 675 2951 voluntas
701 2895 737 2949 et
762 2877 927 2982 operatio.
963 2875 1072 2948 lioba

91 3005 170 3062 rant
196 2991 245 3062 sic
269 3004 528 3088 argumentum:
555 3015 598 3060 ex
615 2990 698 3060 trito
716 2990 899 3078 axiomate,
916 2991 1071 3076 actiones

92 3114 176 3171 sunt
201 3101 480 3196 suppositorum:
506 3091 534 3169 si
561 3123 654 3195 ergo.
671 3097 812 3167 unicum
840 3112 893 3168 est
910 3097 946 3166 ia
973 3095 1070 3166 Chri·

92 3209 393 3310 stosuppositum
418 3211 490 3280 siue
517 3234 687 3308 persona,
713 3208 813 3278 unica
840 3223 892 3278 est
918 3207 1073 3305 operatio

93 3333 128 3388 et
151 3319 236 3392 hinc
263 3345 329 3389 una
355 3333 491 3392 tantum
517 3317 678 3390 voluntas
703 3342 851 3416 operans
868 3319 903 3387 in
923 3319 1073 3388 Christo.

43 3436 47 3445 ’
93 3429 131 3500 R.
144 3433 186 3522 N.
200 3431 494 3528 consequentiam.
509 3431 634 3500 Sanam
653 3428 910 3529 philosophiam
928 3445 964 3500 et
981 3455 1074 3498 aresi·

92 3553 166 3611 tem
184 3539 413 3612 deseruerunt
430 3539 680 3630 Monothelitae‚
699 3540 758 3637 qui
776 3565 847 3610 uon
865 3539 1017 3628 videant,
1040 3562 1076 3608 u-

75 3747 77 3754 .
94 3650 241 3720 nitatem
258 3647 314 3722 vel
330 3647 625 3750 multiplicitatem
650 3649 839 3721 voluntatis
855 3663 891 3718 et
908 3647 1077 3748 operatio·

97 3784 179 3831 atini
206 3760 433 3860 repetendam
460 3783 535 3831 csse
562 3787 604 3831 eu
628 3761 759 3831 unitate
777 3755 830 3832 vel
849 3757 1080 3861 multiplicitas

126 3895 213 3964 soar.
239 3897 271 3944 ιι
300 3897 383 3945 Vot.
410 3896 424 3942 1
783 3871 801 3940 Ϊ
858 3919 867 3938 .
950 3951 954 3962 ¹
979 3871 1027 3944 tt
