2908 4962
376 479 450 552 tta
626 480 686 550 ιιι.
711 501 746 550 ιι
771 495 940 549 stomoma
966 499 1003 546 ιιι
1028 497 1059 548 o
1084 497 1108 546 n

375 599 464 681 otor,
487 587 573 686 quia
599 589 860 684 scriptumest,
889 580 1031 660 Videbit
1056 585 1359 660 omuisfearusa·
1450 663 1451 668 ,

373 695 487 768 lutare
512 694 594 778 Dei,
619 696 750 764 animae
767 689 817 764 ibi
832 715 907 762 non
928 704 1014 764 sunt
1029 690 1285 787 intelligendae:
1304 697 1357 777 ni,-

373 801 428 876 tit
446 801 596 901 proinde
621 800 723 874 aliud
744 799 883 874 dictum
907 815 969 892 est,
999 798 1161 876 Verrium
1190 825 1276 874 earn
1289 801 1359 898 fa-.

373 929 475 986 etum
500 928 577 1000 est,
602 937 712 1011 quam
737 914 769 987 si
792 911 994 998 diceretur,
1017 909 1136 984 Filius
1162 912 1233 988 Dei
1249 912 1359 1007 filius

373 1022 531 1098 hominis
544 1024 676 1122 sactus
698 1035 760 1096 est.

371 1151 380 1180 l
417 1201 535 1270 PROP.
558 1201 596 1270 ll.
612 1199 754 1267 Verbum
771 1201 941 1288 assumpsit
956 1201 1156 1270 voluntatem
1173 1197 1357 1304 humanam,

371 1303 508 1392 ideoque
532 1305 567 1370 in
592 1301 720 1369 Christo
744 1321 812 1368 non
835 1323 918 1385 una,
941 1303 997 1370 sed
1021 1304 1142 1394 duplex
1164 1315 1215 1372 est
1237 1303 1357 1374 tolunss

372 1407 438 1470 tasi
461 1403 540 1470 item
563 1422 631 1470 non
654 1403 763 1485 unica,
785 1402 842 1470 sed
866 1403 985 1491 duplex
1008 1415 1058 1472 est
1080 1405 1195 1474 volitio
1222 1415 1256 1474 et
1278 1427 1360 1496 ope·

370 1506 465 1574 ratio.
487 1507 548 1575 Ad
564 1509 670 1594 fidem
694 1503 851 1597 utroque
861 1531 944 1595 pars
967 1496 1093 1576 ieamer.

373 1739 375 1744 ,
416 1683 509 1758 -Pars
545 1684 584 1757 1·
618 1684 799 1786 probatur.
832 1686 977 1760 Etenim
1011 1686 1172 1764 voluntas
1204 1687 1361 1772 humana

373 1795 505 1869 Christi
529 1794 574 1868 ah
601 1798 675 1896 ejus
701 1793 880 1874 voluntate
907 1796 1022 1874 divina
1054 1798 1361 1898 liquatissime-se·

372 1907 529 1980 cernitur
553 1909 607 1982 Jo.
634 1935 664 1982 c.
684 1909 718 2003 5,
734 1907 794 1980 uhi
820 1907 917 1982 idem
944 1909 1104 1982 Christus
1128 1911 1254 2010 inquit,
1278 1913 1359 2010 Ego

373 2041 449 2090 non
473 2041 593 2117 quaero
622 2018 842 2090 voluntatem
869 2043 1016 2106 meam,
1040 2017 1102 2092 sed
1135 2019 1359 2094 voluntatem

371 2126 465 2220 ejus,
489 2128 553 2223 qui
577 2127 674 2198 misit
699 2150 773 2214 me,
799 2143 836 2198 et
861 2153 892 2200 o.
919 2129 954 2220 6,
978 2125 1142 2200 descendi
1167 2127 1210 2202 da
1237 2127 1334 2202 coto
1345 2177 1360 2218 ·,
1450 2171 1451 2174 π

372 2257 448 2306 non
475 2250 515 2306 ut
526 2233 676 2330 faciam
704 2236 923 2310 voluntatem
948 2261 1087 2326 mam,
1111 2238 1173 2312 sed
1198 2239 1361 2317 volunta·

372 2355 446 2416 te'm
470 2347 560 2442 ejus,
585 2350 649 2443 qui
672 2348 771 2418 misit
795 2373 864 2420 me.
888 2349 945 2419 Ex
970 2349 1067 2422 hisee
1092 2347 1239 2446 aliisque
1265 2349 1361 2438 sind

365 2451 464 2526 ‘libus
488 2452 637 2552 eloquiis
662 2469 771 2554 patet,
795 2455 938 2530 infuisse
965 2459 1106 2532 Christo
1136 2457 1361 2548 voluntatem
1451 2550 1452 2553 Ἴ

370 2577 528 2663 paternae
553 2563 725 2637 voluntati
750 2563 957 2664 subjectam,
982 2593 1062 2664 quae
1091 2593 1164 2642 non
1186 2565 1261 2638 alia
1279 2567 1361 2662 suit,
1451 2596 1452 2613 ³

359 2699 480 2771 :quam
505 2676 667 2767 humana3
685 2699 795 2774 quum
813 2665 929 2750 divina
948 2677 1079 2751 Christi
1099 2675 1290 2758 siteadem
1315 2703 1361 2754 ae

370 2787 486 2859 Patris
510 2785 671 2860 voluntas
687 2804 724 2860 et
740 2789 888 2888 incapax
914 2788 1156 2888 subjectionis:
1183 2815 1269 2889 ergo
1284 2817 1362 2863 non

370 2897 444 2972 sola
460 2898 582 2990 Verbi,
594 2898 655 2970 sed
673 2898 803 2999 duplex
821 2915 874 2971 est
890 2901 929 2970 in
947 2901 1089 2974 Christo
1105 2900 1278 2974 voluntas.
1295 2901 1359 2980 At·

370 3035 440 3107 que
457 3009 586 3084 axillis
603 3009 814 3108 paribusque
832 3009 1042 3080 testimoniis
1059 3009 1264 3108 Hippolitus
1274 3012 1361 3084 Pon·

371 3121 515 3210 tuensis,
531 3119 754 3211 Athanasius,
766 3119 986 3210 Ambrosius,
1003 3119 1222 3217 Augustinus
1235 3136 1271 3193 et
1279 3123 1360 3194 Leo

371 3230 542 3328 Magnus,
568 3246 801 3328 sexcentaqne
826 3229 904 3301 loca
929 3255 949 3300 a
976 3230 1177 3330 Sophronio
1210 3230 1359 3304 collecta

371 3341 440 3412 hoc
465 3339 594 3439 dogma
619 3355 790 3412 tutantur.
815 3337 858 3409 ld
883 3341 989 3410 etiam
1005 3341 1124 3440 ipsum
1141 3337 1295 3438 volgaris
1317 3369 1362 3416 ae

372 3445 518 3522 obviae
545 3446 676 3547 duplici
702 3446 858 3548 perlecta
894 3447 1027 3521 Christi
1057 3465 1193 3522 natura,
1207 3446 1362 3550 duplicis

355 3558 409 3628 -in
434 3559 495 3632 illo
521 3557 710 3630 voluntatis
735 3560 992 3657 argumentatio
1015 3575 1289 3635 commonstrat
1325 3587 1328 3646 j

421 3665 524 3740 Proh.
553 3670 590 3740 2⁸
616 3694 707 3768 pars.
724 3669 815 3740 Eam
832 3667 984 3768 probant
1001 3669 1077 3742 loca
1095 3671 1302 3770 Scripturoe,
1319 3669 1359 3741 in

373 3775 498 3874 quihus
523 3776 724 3869 affirmatur,
747 3779 926 3850 Christum
942 3778 1017 3850 Deo
1034 3781 1130 3850 Patri
1149 3777 1364 3876 obedivisse,

372 3903 413 3958 ut
441 3889 462 3960 2
489 3887 535 3962 ad
558 3889 812 3990 Philippenses,
840 3889 1000 3964 Christus
1013 3893 1144 3984 sachis
1165 3904 1216 3964 est
1240 3887 1361 3966 obedi·
