2932 4970
304 543 347 590 ue
364 527 492 589 suman.
509 539 632 587 rossn.
649 539 692 586 ur
710 539 872 588 tom-m
1031 515 1080 588 ,73
1099 577 1101 580 .

104 649 108 656 ·
153 609 433 704 souvcnrun
450 623 763 696 osstscrrones
781 623 1000 698 iuuenum.
1014 626 1090 700 on.

96 741 224 840 jiciunt
244 739 281 809 1ο
298 734 463 808 adversus
488 731 610 804 Jacobi
627 733 844 806 vaticinium.
868 732 1007 822 Scebdt,
1032 737 1090 808 ait.

100 853 142 922 R.
170 852 285 922 Moses
310 846 380 918 ben
413 845 594 920 Nachman
613 842 779 941 -aliiquo,
807 846 943 944 virgam
979 847 1089 946 signia,

101 963 183 1034 ficat
208 947 460 1032 tribulationis:
474 953 548 1027 'sed
574 956 650 1026 haec
675 955 774 1052 virga
790 981 863 1028 non
889 954 1003 1028 ablata
1029 973 1082 1029 est

101 1070 218 1143 adhuc
243 1097 263 1141 a
289 1067 435 1141 Judaeis:
463 1089 547 1163 ergo
573 1091 645 1136 non
670 1063 783 1137 adhuc
818 1065 958 1137 Messias
983 1065 1082 1140 adve

99 1179 163 1249 nit.
191 1179 229 1249 2⁰
255 1177 333 1250 Vox
357 1174 470 1248 donec
494 1173 533 1245 in
562 1199 604 1245 eo
631 1173 929 1246 continuationem
947 1175 997 1247 sio
1021 1201 1082 1247 no·

100 1304 170 1360 tat:
197 1311 379 1386 nunquam
403 1288 440 1358 in
467 1301 641 1357 aeternum
666 1282 841 1356 auferetur
865 1310 885 1356 a
910 1285 999 1358 Juda
1016 1304 1084 1360 sce·

101 1415 235 1499 ptrum,
253 1413 446 1496 postquam
474 1397 615 1468 Messias
641 1394 833 1489 advenerit,
850 1398 912 1494 qui
936 1396 1023 1470 illud
1037 1401 1082 1472 'ei

102 1501 281 1580 restituet:
308 1523 343 1577 at
369 1519 547 1605 sceptrum
573 1531 644 1577 non
661 1520 715 1601 est
732 1505 864 1576 Judaeis
882 1532 991 1604 usque
1008 1517 1082 1580 nio·

105 1617 152 1690 do
178 1619 399 1690 restitutum:
425 1641 498 1687 non
515 1641 599 1714 ergo
617 1617 759 1688 Messias
776 1643 886 1715 usque
902 1617 1011 1691 modo
1027 1646 1082 1692 ve·

98 1727 164 1796 nit.
192 1727 230 1812 3⁰
256 1725 410 1796 Demum
438 1723 534 1796 Scito
568 1725 606 1794 in
631 1722 773 1797 hebraeo
808 1728 975 1826 exprimit
994 1728 1079 1819 -Silo

99 1837 299 1927 civitatem,
323 1832 673 1933 significans-donec
699 1851 759 1907 aut
784 1835 867 1908 urbs
894 1837 966 1910 Silo
986 1827 1081 1911 ‘arcae

99 1943 204 2016 sedes
230 1944 440 2069 destruatur,
465 1944 587 2014 autin
614 1943 685 2015 Silo
710 1945 852 2016 veniant
878 1947 958 2028 Saul
976 1964 1016 2019 et
1031 1950 1083 2020 Je-

101 2054 260 2180 roboam,
285 2056 345 2152 qui
371 2080 468 2126 sacro
495 2053 573 2126 oleo
598 2055 669 2125 ibi
672 2071 846 2130 asservato
871 2057 1026 2130 ibidem
1019 2087 1082 2130 un·

99 2181 227 2263 gantur
243 2167 280 2238 in
296 2169 422 2266 Reges:
450 2192 534 2265 ergo
552 2165 607 2238 de
614 2158 738 2238 Messia
755 2167 903 2267 intelligi
920 2195 988 2243 vox
1002 2171 1080 2302 Sei·

101 2275 134 2348 Ιὸ
162 2299 234 2350 non
260 2293 387 2378 potest.

149 2363 192 2485 M.
219 2388 278 2460 Ad
297 2391 356 2461 1¹²⁰*
374 2415 466 2488 nego
484 2391 662 2489 majorem3
681 2391 762 2489 quia
780 2417 848 2466 vox
865 2390 980 2464 scebet
997 2419 1081 2464 nun·

99 2525 207 2598 quam
233 2501 404 2600 significat
420 2503 557 2600 virgam
575 2503 809 2600 castigationis
827 2518 863 2574 et
880 2502 1089 2596 afflictionis,¹

98 2613 169 2684 nisi
195 2637 277 2684 cum
311 2611 404 2684 lexin
429 2612 536 2685 habet
560 2613 782 2712 adjunctam,
808 2640 886 2711 quae
913 2616 1082 2713 significa»

98 2720 232 2792 tionem
259 2723 349 2793 hanc
372 2719 536 2820 indigitet
548 2778 558 2814 ,
584 2723 640 2794 uti·
669 2723 725 2794 Ps.
753 2726 798 2815 2,
825 2749 920 2821 reges
954 2739 1016 2796 'eos
1042 2728 1082 2796 in

101 2829 199 2922 virga
211 2829 352 2925 ferrea,
378 2847 414 2902 et
441 2832 487 2904 10
515 2855 590 2930 cap.
616 2832 723 2922 Isaiae,
741 2856 791 2902 vce
818 2832 957 2918 Assur,
983 2834 1094 2928 virgo

84 2939 234 3035 furoris
259 2945 343 3029 mei,
368 2957 403 3014 et
427 2941 578 3014 buculus
604 2939 675 3038 ipse
701 2936 908 3015 esnrerum
925 2967 994 3014 vox
1010 2966 1081 3014 sce·

98 3046 157 3120 bet
185 3048 222 3120 in
248 3051 408 3124 vaticinio
434 3049 554 3142 Jacob,
579 3049 640 3122 ubi
665 3048 765 3123 Judae
791 3049 898 3135 tribui
914 3075 988 3150 prae
1006 3050 1082 3122 aliis

99 3174 137 3229 et
161 3157 232 3232 dux
249 3177 285 3232 et
302 3177 356 3234 tot
380 3161 491 3234 fausta
517 3163 784 3263 promittuntur,
801 3178 874 3234 tam
900 3163 1004 3262 longe
1023 3162 1080 3233 ab·

100 3283 176 3360 est,
202 3285 243 3341 ut
268 3269 312 3342 ad
338 3297 416 3344 eam
441 3273 731 3372 significationem
759 3273 956 3392 adjectione
980 3294 1081 3346 vocu-

99 3376 145 3449 lae
172 3378 450 3476 determinetur,
476 3386 561 3482 quin
586 3409 606 3454 e
632 3399 754 3456 contra
780 3400 959 3483 sceptrum
984 3397 1083 3482 pote·

100 3491 199 3596 statis
234 3492 375 3565 definite
401 3495 584 3592 significet.
610 3495 668 3566 Ad
694 3497 756 3568 2⁸¹²
781 3495 949 3566 metium
974 3495 1080 3593 majo·

100 3590 187 3672 reni.
215 3603 341 3674 Donec
366 3628 439 3674 non
465 3603 522 3675 hic
549 3605 854 3676 continuationem
864 3627 1005 3700 ,quam
1038 3603 1079 3677 R.

98 3711 227 3784 Bochai
253 3714 433 3812 confingit,
453 3714 522 3786 sed
547 3716 715 3814 temporis
732 3715 924 3799 terminum
950 3728 1082 3785 natura·

98 3819 181 3893 liter
205 3823 369 3914 ostendit,
395 3826 424 3896 is
450 3825 546 3896 enim
573 3824 661 3917 fuit,
686 3851 730 3897 ex
755 3839 915 3904 veterum
941 3843 1081 3922 quoque

98 3955 270 4007 consensu
294 3931 548 4028 Rebbinorum,
573 3957 699 4035 scopus
723 3931 857 4028 lambi,
874 3947 915 4004 ut
940 3946 1082 4027 tempus·
