2932 4970
366 485 416 562 tt
712 501 860 550 nissam.
889 500 1011 552 raom.
1042 523 1046 534 ·

191 591 195 600 ’
348 578 426 668 at»
455 586 571 663 atel.
599 586 614 659 l
647 611 678 658 c.
703 589 765 678 ⁴4,
789 590 1082 660 remorer-ieet
1105 587 1357 690 tardumque·

368 703 464 778 litate
475 691 773 798 pmsullibilitute
789 695 998 785 desumitur,
1006 697 1113 796 plene
1125 695 1359 774 submovetur
1448 691 1450 796 l

367 838 420 888 ax
444 809 562 881 divina
582 804 805 904 providentia
830 821 866 880 et
895 806 1051 908 Spirims
1074 809 1112 882 S.
1134 813 1328 908 prasentia
1340 865 1355 900 ,
1449 883 1450 902 ,

367 937 448 1024 quar
474 913 637 992 videlicet
661 916 698 988 in
723 941 763 988 re
788 930 895 988 tantre
920 916 1170 1016 magnitudinis
1186 917 1281 991 haud
1297 947 1356 1024 pa·

366 1033 472 1122 titur,
496 1054 559 1102 suo
583 1026 776 1100 Ecclesiam
796 1026 932 1128 judicio
954 1044 994 1101 et
1016 1031 1108 1102 trahi
1131 1031 1168 1102 in
1195 1039 1357 1106 errorent
1449 1075 1450 1100 1

367 1156 405 1213 at
429 1140 577 1212 trahere.
602 1134 702 1208 Idem
728 1163 841 1238 prope
866 1135 1131 1212 edisserendum
1155 1138 1200 1211 de
1230 1165 1359 1242 approe

367 1253 482 1344 hante,
506 1254 570 1349 (et
595 1247 805 1348 quandoque
830 1267 1050 1351 praeceptum
1084 1254 1352 1354 importante),
1448 1263 1450 1354 l

339 1452 341 1457 .
366 1359 580 1460 indulgentia
605 1359 794 1452 Pontificis‚
815 1375 856 1431 ut
881 1358 1066 1434 descrimus
1091 1361 1214 1463 aliquis
1238 1364 1352 1466 possit

368 1475 498 1548 Beatus
524 1469 713 1571 appellari,
738 1471 841 1568 eique
865 1471 902 1542 in
928 1469 1042 1572 aliqua
1067 1474 1269 1574 provincia,
1293 1473 1350 1548 vel
1449 1457 1450 1488 ¹

365 1583 598 1662 determinato
624 1580 797 1654 ordinarie
814 1580 893 1655 loeo
910 1599 970 1655 ant
986 1599 1094 1677 coetu,
1120 1583 1260 1686 publice
1277 1585 1351 1658 cul·¹
1449 1643 1450 1714 l

364 1712 423 1768 tus
449 1692 621 1785 exhiberi,
646 1692 708 1791 qui
725 1691 890 1793 privatim
907 1708 1026 1766 tamen
1043 1641 1201 1800 inipendi
1219 1693 1351 1798 ubique
1449 1715 1450 1792 ,

364 1803 513 1878 valet.
1449 1797 1450 1822 ¹

374 1913 514 1988 ldem
540 1912 673 1986 scilicet
688 1928 850 2014 respectu
866 1913 1091 2014 pontiliciae'
1081 1913 1279 1988 lnerrantlae
1296 1930 1350 1988 est

361 2025 639 2120 edisserendum
665 2025 738 2116 sed,
763 2027 909 2099 citatum
929 2026 1029 2125 juxta
1053 2024 1352 2119 LambertiniumJ

362 2137 484 2214 morali
510 2137 624 2210 solum
651 2137 873 2231 certitudine,
898 2138 1025 2238 piaque
1050 2163 1143 2231 sane,
1168 2136 1250 2210 licet
1275 2166 1348 2212 non

362 2245 478 2319 divina
502 2247 594 2318 inse
621 2263 657 2318 et
673 2246 854 2340 infallibili,
870 2247 940 2320 fide
954 2247 1182 2348 prudentum.
1208 2249 1261 2320 De
1279 2277 1351 2348 qua

361 2356 472 2458 probe
496 2356 709 2456 loquebatur
727 2358 850 2432 Clerus
868 2358 1068 2433 Gallicanus
1086 2387 1184 2433 suam
1202 2362 1252 2434 sic
1269 2387 1348 2434 con·

360 2462 507 2539 cludens
532 2463 577 2537 ad
602 2467 687 2538 Vlll
711 2466 897 2540 Urbanum
932 2469 1033 2570 epist
1058 2496 1124 2571 pro
1158 2472 1361 2546 Francisco'

359 2575 403 2648 de
430 2574 558 2649 Sales
548 2591 640 2648 inter
664 2577 791 2648 Beatos
816 2577 1054 2652 accensenda·
1080 2578 1235 2653 Dabia'
1217 2597 1349 2681 ltaque,
1363 2605 1365 2609 ·

360 2689 428 2764 88
445 2689 569 2798 Pater,
580 2687 680 2762 dabis
706 2691 812 2762 totius
829 2687 981 2788 lquusee
1006 2694 1129 2766 nostri
1135 2707 1245 2766 cretus
1264 2718 1346 2792 pre·
1357 2709 1361 2716 '

357 2799 502 2876 cibas..
515 2803 594 2890 .si,
610 2827 689 2928 qme
706 2816 769 2872 tua
786 2802 867 2874 coeli
879 2802 1087 2900 jurisdictio
1104 2816 1173 2892 est,
1190 2805 1345 2877 Beamm

354 2936 440 2986 eum
463 2915 732 3036 quamprimum
756 2911 882 2986 haberi
893 2913 1047 3012 J'ubeas;
1072 2929 1124 3004 ut,
1151 2915 1249 3013 quod
1271 2918 1344 3015 opi·

354 3023 463 3094 niam
476 3022 565 3117 jam
590 3046 714 3094 omnes
732 3039 978 3144 presumunt,
995 3039 1091 3096 certa
1109 3025 1349 3123 postmodum·

352 3128 422 3212 fide
448 3143 601 3201 teneant.
625 3131 739 3201 Etsi
729 3146 848 3236 itaque
873 3133 967 3204 nulla
987 3132 1031 3205 de
1047 3135 1101 3208 his
1127 3151 1223 3213 extet
1248 3159 1344 3235 aper·

352 3256 389 3312 ta
416 3239 637 3332 definitio,
610 3267 640 3312 s1
666 3257 785 3313 tamen
812 3243 848 3315 in
866 3243 999 3317 eisdem
1021 3246 1199 3320 falleretur
1222 3247 1343 3322 Eccle-

351 3351 413 3442 sia,
426 3348 525 3450 quod
545 3365 678 3422 temere
695 3351 843 3426 Vicleffo
861 3354 1004 3456 placuit,
1018 3357 1170 3455 graviter
1187 3383 1342 3458 quoque,
1448 3357 1449 3361 ’

349 3461 416 3532 nisi
440 3461 477 3532 in
503 3463 684 3534 communi
710 3461 869 3536 doctrina
895 3480 1061 3562 morum,
1085 3469 1124 3540 in
1149 3495 1188 3542 re
1214 3465 1341 3540 saltem

266 3651 270 3660 ,
350 3571 553 3670 gravissima
579 3570 765 3647 aberraret.
1345 3607 1347 3612 ·

400 3679 445 3752 .⁰3
469 3679 626 3780 Neque
616 3708 653 3754 111
683 3683 805 3777 sactis,
830 3713 902 3760 non
928 3688 1075 3789 inquam
1100 3687 1343 3790 personalibus

351 3763 546 3890 iisdemque
562 3741 830 3892 particularibirs
846 3797 1014 3898 nulloque
1030 3796 1199 3872 infallibili
1227 3795 1344 3871 fulcro
1385 3796 1391 3806 '

348 3901 507 4001 suffultis,
533 3919 569 3978 at
595 3903 845 3984 doctrinalibus
870 3937 930 3986 seu
949 3909 1168 4014 dogmaticis,
1192 3909 1308 3986 idest
1299 3932 1340 3982 111
