2908 4962
59 584 62 592 ¹
414 473 457 563 ns
483 515 584 564 sums
609 513 739 563 cnnrsrr
771 513 774 520 ’
811 513 814 518 ·
991 491 1066 566 tlt·

77 632 162 680 rum
188 629 271 681 vero
297 600 405 676 duces
430 604 545 702 Cyrus
567 603 765 674 Patriarcha
792 598 891 673 Aleia
907 623 958 674 ‘ac
992 604 1067 676 Ser&

85 719 165 816 gius
190 714 364 786 Patriarca
391 710 810 811 Constantinopolitanus,
843 710 1069 810 Pyrrhusque
1110 803 1113 810 .
1211 701 1215 710 ’

82 844 124 900 ct
136 825 266 900 Paulus
284 824 395 922 Sergii
413 824 653 904 successores:
673 821 733 920 qui
750 847 873 894 omnes
891 847 973 894 cum
997 823 1069 895 suis

83 937 252 1037 gregariis
288 936 325 1007 in
350 937 419 1007 hoc
453 932 723 1025 obbrutuerunt,
759 931 853 1030 quod
888 933 1070 1022 Christum

87 1049 283 1121 Dominum
308 1045 516 1120 nudaverint
541 1047 698 1116 humana*
718 1045 909 1136 voluntate,
925 1046 1017 1118 hanc
1033 1046 1071 1117 in

88 1157 152 1232 illo
178 1167 253 1230 esse
278 1156 481 1246 inficiantes,
506 1156 542 1226 in
570 1181 682 1252 eoque
709 1155 936 1227 admittentes
965 1181 1072 1227 unam

86 1268 272 1342 dumtaxat
297 1267 538 1360 voluntatem,
565 1291 713 1364 eamque
747 1267 911 1339 divinam.
946 1266 1073 1338 Simili·

85 1394 144 1450 ter
159 1379 303 1451 inficiati
329 1377 468 1452 suntin
494 1376 637 1448 Christo
662 1375 838 1474 duplicem
867 1374 1074 1449 volitioncm

85 1500 127 1559 ct
149 1487 347 1579 actionem,
380 1501 484 1584 atque
513 1511 621 1556 unam
650 1483 822 1556 exclusive
852 1499 1073 1583 posuerunt,

86 1593 199 1696 quarn
233 1595 454 1698 appellabant
479 1592 756 1669 ‘Theandricarn
784 1621 844 1666 seu
876 1596 1074 1668 Dei-viti*-

85 1704 172 1780 lcm:
188 1707 339 1807 pessime
355 1705 574 1799 disserentes,
599 1707 790 1777 humanam
806 1720 969 1776 naturam
989 1730 1074 1778 cum

91 1815 168 1888 suis
183 1814 351 1915 potentiis
368 1839 443 1886 esse
460 1811 708 1887 tantummodo
724 1815 1004 1885 instrumentum
1015 1814 1076 1886 Di·
1192 1859 1196 1869 ·

88 1923 265 2016 vinitatis3
296 1923 400 1995 istam
424 1949 520 2015 vero,
545 1923 625 2021 quia
652 1939 726 1995 erat
751 1937 886 1994 natura.
901 1923 1075 2022 superior,

94 2031 208 2105 solam
233 2033 383 2132 operari,
408 2047 445 2102 et
460 2033 543 2103 hinc
561 2032 634 2131 ejus
651 2057 725 2104 esse
742 2030 984 2132 operationem
993 2027 1076 2102 ‘oni-

94 2165 191 2211 nem.
1052 2189 1060 2208 2

95 2321 98 2326 .
146 2250 377 2352 Hoc-abrepti
393 2250 516 2324 delirio
529 2251 768 2326 Monothelitae
780 2252 981 2326 libertatem
994 2277 1076 2353 qun·

94 2389 167 2464 quc
191 2363 380 2436 voluntatis
405 2367 568 2436 hunianoe
587 2359 727 2437 Christo
752 2379 1000 2466 pernegarunt.
1017 2359 1078 2437 Δὶ·

94 2501 167 2576 que
181 2476 312 2548 interea
329 2476 623 2549 monothelismus
639 2477 759 2549 turbas
775 2478 859 2551 civit
875 2477 995 2550 inDci
1008 2477 1076 2551 Eo*

94 2585 199 2659 clesia
209 2586 492 2660 luctuosissimus.
509 2588 596 2659 Duae
613 2603 698 2660 tunc
715 2589 966 2686 Expositioncs
975 2581 1077 2676 fidet,

97 2724 119 2768 a
134 2698 253 2797 Sergio
263 2714 300 2770 et
310 2698 418 2771 Paulo
432 2701 649 2798 conscriptae,
658 2725 744 2796 quas
755 2701 940 2770 nominant
952 2693 1079 2770 Ectlte·

98 2808 170 2880 sim
184 2806 332 2879 Heraclii
350 2833 390 2880 ac
412 2810 557 2908 Typum
572 2807 782 2899 Constantis,
796 2806 900 2880 editoe
917 2821 953 2876 ct
970 2803 1081 2878 divul-

99 2929 191 3015 gatae
208 2915 358 3006 fuerunt
371 2933 582 3015 cautumque
599 2917 640 2987 iis
653 2915 728 3007 fuit,
746 2941 790 2987 ne
809 2917 886 3013 quis
900 2929 1081 2986 autunum

100 3042 164 3119 aut
188 3025 273 3098 duas
290 3028 333 3098 in‘
344 3027 485 3100 Christo
500 3027 699 3101 voluntates
715 3023 931 3126 praedicaret.
945 3024 1078 3094 Verum

98 3134 232 3232 famosa
257 3137 333 3208 haec
357 3134 481 3209 Edicta
506 3136 633 3209 Eraclii
650 3153 687 3207 et
705 3136 906 3208 Constantis
928 3134 1081 3233 Impera·

98 3262 232 3338 torum,
244 3248 498 3348 primariosque
516 3247 622 3321 duces
640 3246 950 3320 Monothelitarum
966 3244 1084 3316 Marti·

102 3381 173 3426 nus
184 3357 277 3455 Papa
295 3356 332 3426 in
350 3357 366 3427 Ι
383 3359 543 3429 Lateran.
559 3356 701 3457 Synodo
713 3355 929 3457 proscripsit,
941 3351 1086 3453 proscri-

100 3464 202 3537 benti
218 3468 323 3568 Papae
339 3470 476 3566 totique
495 3468 651 3541 Concilio
669 3468 828 3540 stimulos
846 3465 1007 3556 addente,
1021 3489 1085 3535 sua

101 3577 326 3678 praepollenti
335 3579 494 3652 facundia
503 3582 757 3678 scitissimoque
767 3579 854 3668 zelo,
863 3594 992 3678 praeter
1001 3576 1086 3646 Tur·

103 3687 261 3758 ritanum
282 3687 531 3775 Valentinum,
545 3691 706 3762 Deodato
730 3706 851 3762 nostro
878 3685 1084 3760 Calarituno:

105 3821 238 3894 eosque
247 3798 388 3872 tandem
397 3825 438 3874 ac
446 3802 665 3900 impietatem
676 3827 809 3892 eorum,
820 3825 908 3899 quos
916 3800 1008 3869 inter
1018 3795 1086 3866 llo·

103 3910 248 3984 noriurn
260 3911 393 4012 Papam
410 3929 594 3986 accensent
607 3911 775 4004 nonnulli,
787 3915 964 4007 annotissll
983 3904 1084 3996 terli&
