2908 4962
711 639 715 646 ’
788 625 892 675 CAPUT
918 628 941 674 ll

666 815 891 894 (1)an
920 810 1061 894 &tebit

421 1045 494 1120 Nos
518 1060 559 1118 ut
583 1043 752 1144 superiori
782 1067 856 1143 cap.
891 1041 1151 1118 dissertavimus
1185 1041 1357 1118 adversus

371 1151 580 1244 incredulos,
604 1153 665 1252 qui
689 1152 727 1223 in
751 1177 878 1252 corpus
904 1152 1035 1226 Christi
1064 1149 1358 1244 debacchantur3

373 1263 422 1337 ita
433 1288 528 1337 nunc
545 1277 665 1337 eontra
678 1287 739 1334 eos
755 1286 889 1353 omnes,
901 1261 962 1358 qui
974 1260 1103 1334 Christi
1116 1261 1268 1334 animam
1289 1276 1360 1334 aut

373 1370 536 1446 auferunt
560 1371 716 1462 omuino,
741 1383 801 1442 aut
824 1370 931 1470 impie
957 1365 1171 1460 dilacerant,
1196 1367 1254 1444 alii
1278 1370 1361 1469 ejus

373 1499 542 1574 mentem,
566 1480 624 1556 alii
647 1481 866 1556 voluntatem
891 1496 1070 1579 negantes,
1094 1478 1226 1580 stylum
1250 1479 1362 1554 verti·

372 1617 463 1682 mus,
487 1590 639 1690 fideique
664 1607 804 1664 scutum
828 1589 1019 1663 induimus.

385 1761 387 1768 .
422 1701 528 1776 Arius
553 1703 648 1774 eninr
674 1702 817 1800 ejusque
842 1698 1003 1800 discipuli
1024 1697 1165 1772 Christo
1182 1695 1362 1769 subtraxe-

335 1834 337 1838 ’
373 1827 458 1884 runt
482 1811 658 1901 animam,
683 1835 753 1908 qua
778 1825 896 1882 tamen
922 1808 1092 1910 praeditus
1118 1823 1173 1881 est
1199 1805 1360 1905 quisquis

372 1922 483 1996 homo
507 1938 572 2015 est,
597 1920 831 1994 oblaterantes
843 1975 854 2012 ,
878 1920 973 1994 vices
999 1919 1125 1992 animae
1154 1916 1360 2019 implevisse

373 2029 532 2103 Verbum
566 2031 706 2129 corpori
740 2027 1012 2102 substantialiter
1041 2029 1286 2127 conjunctum:
1316 2026 1360 2096 in

374 2167 482 2238 quarn
507 2141 747 2240 opinationem
781 2137 966 2230 abierunt,
996 2154 1035 2210 ut
1063 2139 1207 2240 ipsimet
1238 2133 1362 2208 Verbo

374 2248 514 2324 dolores
539 2249 691 2348 aliasque
718 2250 850 2322 Christi
874 2251 1052 2350 passiones
1077 2249 1297 2347 effugerent,
1319 2263 1362 2319 et

374 2357 426 2432 sic
451 2356 626 2430 divinitati
652 2357 761 2430 Verbi
787 2357 923 2431 facilius
947 2358 1204 2432 insidiarentur.
1231 2356 1281 2427 At
1305 2356 1362 2430 A·
1452 2401 1453 2410 ι

369 2465 621 2566 poilioaristre,
645 2491 733 2565 quos
755 2467 1004 2564 Apollinarius
1023 2469 1187 2554 instituit,
1203 2465 1362 2546 diceutes

373 2579 469 2660 sicut
494 2578 640 2666 Ariani,
665 2580 787 2652 Deum
815 2576 998 2652 Christum
1023 2603 1171 2652 carmem
1188 2579 1264 2651 siue
1280 2576 1360 2655 ant-

375 2708 437 2772 ma
462 2692 666 2815 sicscapisse,
693 2691 949 2788 inquestione
979 2691 1188 2765 testimoniis
1214 2710 1361 2784 euarrge·

376 2797 454 2872 licis
480 2800 563 2872 victi
587 2811 756 2892 mentem,
781 2824 854 2898 qua
880 2801 1063 2874 rationalis
1080 2815 1131 2873 est
1147 2801 1273 2872 anima
1298 2795 1361 2868 bn-

372 2911 497 3034 ιιιίιιίι,
523 2936 596 2983 non
610 2909 789 3006 fuissem
806 2914 930 2984 anima
959 2910 1103 2999 Christi,
1120 2910 1182 2984 sed
1199 2935 1270 3032 pro
1287 2907 1361 2981 bue

378 3043 497 3116 psum
525 3018 728 3096 Verbum
714 3045 756 3096 m
778 3044 819 3092 eo
837 3017 957 3109 fuisse
973 3019 1156 3092 dixerunt.
1173 3019 1251 3092 Ita
1242 3045 1282 3089 m
1297 3014 1360 3088 lih.

376 3129 420 3204 de
445 3128 644 3207 llaeresihus
669 3129 827 3202 traditS.
845 3128 1074 3228 Augustinus,
1090 3128 1256 3227 idemque
1281 3152 1361 3200 nar·

374 3257 431 3314 rat
452 3240 682 3341 Epiphanius.
700 3240 803 3330 Qua
794 3265 830 3311 m
848 3266 885 3312 re
904 3240 1026 3313 Ariani
1042 3239 1247 3314 stultissime
1266 3265 1360 3312 erra·

272 3363 276 3372 ’
375 3366 470 3444 runt,
483 3352 541 3424 alii
558 3367 688 3444 autem,
701 3367 742 3423 ut
757 3351 915 3450 loquitur
931 3353 1159 3451 Augustinus,
1175 3351 1274 3424 bruti
1292 3351 1363 3423 ani·

375 3487 474 3535 mam
489 3463 711 3555 sentientem,
727 3487 798 3535 non
811 3463 962 3535 hominis
975 3462 1179 3536 rationalem
1196 3463 1272 3535 Deo
1274 3463 1363 3536 -hn-

376 3573 464 3646 mini
490 3573 742 3672 relinquentes,
766 3571 988 3647 abstulerunt
1015 3572 1153 3695 Christo
1172 3576 1364 3663 rationem,

378 3707 454 3758 non
479 3685 629 3758 tenendo
661 3687 845 3758 rationem.

428 3792 614 3871 Aooeduut
629 3810 711 3895 post
727 3793 846 3866 saeeuli
863 3795 953 3867 Vll
944 3793 1083 3866 mitium
1104 3735 1361 3884 Monotbelitoe3

368 3927 529 4001 -quorum
547 3930 678 3978 nomen
694 3932 762 3974 ao
730 3938 762 3984 μο
764 3938 805 3970 m
792 3930 917 3980 uniar
935 3919 971 3978 et
989 3917 1091 3976 titum
1109 3904 1364 3992 artonosco
