2908 4962
211 569 252 616 na
270 549 367 615 uarat
383 553 473 613 raas.
491 567 533 612 ar
552 567 646 614 naen.
663 563 738 612 mr.
756 565 887 615 caarsrr
967 523 1032 620 Ι101

56 656 105 728 sti
124 648 446 727 demonstrandam.
465 651 707 723 Confirmatur'
720 669 839 724 tamen
855 653 892 725 id
910 653 1041 753 dogma¹

56 761 183 838 hausto
216 763 340 835 iisdem
367 789 386 834 e
414 761 601 860 Scripturis
627 779 854 860 argumento:
881 765 1041 837 Christus

55 903 95 947 se
122 873 205 946 dicit
228 875 324 946 Patri
350 871 588 970 coaequalem,
614 876 689 968 Ego
725 889 759 944 et
784 875 892 947 Pater
923 901 1041 947 unum

57 1009 197 1069 samur,
224 1008 253 1054 c.
282 983 327 1055 10
355 983 432 1069 J0.;
459 997 536 1051 tum
552 981 654 1052 Patre
672 982 858 1074 minorem,
876 984 970 1081 ajens
987 985 1041 1058 Jo.

61 1099 120 1186 14,
146 1097 253 1168 Pater
276 1097 396 1191 major
419 1119 476 1165 me
502 1109 571 1166 est:
598 1091 696 1190 atqui
722 1119 794 1165 non
823 1110 941 1194 potest
967 1122 1042 1168 esse

59 1207 194 1278 Cristus
220 1204 362 1303 aequalis
386 1205 482 1275 Patri
508 1205 573 1275 nisi
599 1204 645 1275 ob
676 1221 837 1276 naturam
864 1203 1042 1297 divinam,

58 1330 97 1384 et
121 1316 222 1386 Patre
247 1315 363 1385 minor
388 1313 455 1384 nisi
480 1328 624 1414 propter
650 1315 858 1406 humanam,
885 1341 964 1412 quoe
990 1317 1041 1387 in·

57 1439 159 1522 tegra
184 1449 330 1494 manens
356 1448 376 1493 a
402 1421 543 1514 divina,
573 1422 827 1518 distinguaturt
854 1449 938 1522 ergo
964 1425 1042 1498 duaa
1060 1415 1078 1530 J

58 1551 143 1606 sunt
169 1535 205 1603 in
232 1533 371 1604 Christo
389 1547 471 1629 post
487 1531 652 1602 unionem
670 1532 844 1606 distinctae
861 1549 965 1631 atque
983 1535 1044 1608 im·

54 1643 400 1741 permiatae'naturae3
415 1665 528 1734 neque
542 1639 703 1712 divinitas
720 1642 975 1715 humanitatem
990 1643 1044 1714 ab·

55 1753 202 1853 sorpsit,
228 1757 288 1821 au't
313 1752 350 1820 in
377 1775 454 1819 eam
481 1775 646 1823 conversa
664 1751 742 1843 suit,
759 1779 874 1850 neque
892 1779 936 1824 ex
963 1755 1044 1826 utri·

52 1890 170 1961 usque
197 1859 363 1934 mixtione
390 1862 491 1934 tertia
518 1861 679 1958 quaedam
705 1880 829 1934 natura
855 1863 992 1936 coaluit.

110 1971 215 2043 Prob.
234 1973 271 2041 2⁰
289 1997 332 2040 ex
351 1971 459 2042 Cone.
478 1970 765 2064 Chalcedonensi3
783 1971 845 2043 ubi
863 1972 984 2074 cyrilli
1001 1973 1044 2046 A·

53 2081 265 2173 lexandrini,
290 2081 508 2172 Nazianzeni,
535 2083 794 2180 Chrysostomi,
815 2084 945 2176 Hilarii,
962 2075 1051 2156 Ana·v

54 2194 166 2265 brosii
192 2209 228 2264 et
253 2193 441 2289 Augustini
466 2194 665 2265 testimonia
691 2196 833 2266 recitata
856 2221 896 2267 ae
921 2193 1045 2294 proba.

56 2321 96 2374 ta
114 2303 273 2395 ¹bierunt,
298 2330 341 2374 ex
368 2329 437 2400 quo
460 2307 547 2375 certi
566 2307 671 2376 etiam
690 2333 810 2378 sumus
827 2306 872 2378 de
889 2323 1045 2378 constan·

57 2414 90 2484 ti
115 2412 300 2511 traditione
328 2413 386 2482 SS.
412 2415 567 2504 Petrum,
586 2417 647 2513 qui
669 2418 759 2488 hano
785 2415 869 2510 dieti
895 2415 1045 2492 Concilii

57 2521 302 2595 definitionem
323 2523 397 2620 jam
414 2523 480 2622 ipsi
497 2515 828 2622 praesormaverant:
859 2555 875 2594 u
896 2525 1046 2598 Confite

58 2656 152 2722 mur,
178 2632 226 2700 ait
251 2631 386 2702 actione
415 2631 448 2722 5,
467 2633 647 2707 Christum
664 2633 706 2704 D.
724 2633 765 2704 N.
785 2631 949 2717 eumdem
967 2657 1044 2736 per-

59 2741 193 2816 fectum
219 2745 256 2812 in
282 2741 421 2834 deitate,
448 2759 483 2812 et
509 2744 673 2814 eumdem
699 2745 895 2842 perfectum
920 2745 957 2816 in
983 2745 1045 2818 hu·

59 2856 251 2946 manitate,
277 2855 392 2924 Deum
418 2881 542 2925 verum
577 2872 613 2925 et
637 2857 817 2926 hominem
852 2859 1044 2928 verum...

59 2965 394 3036 consubstantialem
419 2966 515 3036 Patri
541 2965 736 3037 seeundum
763 2966 943 3050 deitatem,
969 2989 1046 3035 con·

60 3073 324 3146 substantialem
351 3074 453 3146 nobis
471 3074 665 3147 seeundum
683 3077 939 3146 humanitatem
953 3101 970 3150 ι,
988 3099 1045 3143 an-

44 3198 95 3252 te
115 3181 246 3255 'saecula
282 3184 424 3282 quidem
451 3183 494 3255 de
519 3187 621 3256 Patre
658 3187 815 3283 genitum
850 3182 1045 3256 secundum

62 3290 249 3384 deitatem,
266 3296 303 3364 in
329 3295 524 3380 novissimis
542 3310 658 3367 autem
677 3295 800 3365 diebus
817 3309 962 3392 propter
980 3317 1046 3362 nos

62 3418 98 3471 et
124 3419 270 3502 propter
296 3419 452 3479 nostram
479 3404 626 3475 salutem
654 3432 694 3475 ex
723 3406 769 3475 M.
795 3406 835 3473 V.
856 3404 922 3474 Dei
952 3402 1046 3499 geni-
1079 3448 1080 3452 =

62 3511 149 3581 trice
186 3505 379 3583 secandum
413 3515 690 3584 humanitatem:
722 3539 833 3584 unum
868 3511 1047 3587 eumdem-

61 3611 194 3714 que...
220 3619 257 3691 in
283 3620 417 3691 duabus
443 3624 575 3693 naturis
601 3622 792 3712 inconfuse,
817 3623 1046 3693 incommuta·
1146 3638 1151 3650 '

34 3742 38 3751 '
60 3721 189 3822 biliter,
205 3733 363 3823 indivise,
380 3734 656 3831 inseparabiliter
683 3732 955 3830 agnoscendum,
971 3757 1048 3804 nus·

61 3869 168 3938 quam
195 3843 329 3915 sublata
346 3844 540 3918 differentia
558 3862 760 3916 naturarum
780 3862 925 3945 propter
942 3845 1048 3916 unita·

60 3965 148 4044 tem,
174 3956 355 4052 magisque
382 3953 474 4030 salva
500 3956 713 4060 proprietate
742 3957 921 4056 utriusque
951 3967 1048 4025 uatu-
