2942 4962
230 553 273 600 nn
299 551 427 602 aarum
452 554 582 602 arruns
607 555 649 602 nr
675 555 810 604 orrrcns
835 557 949 605 norun
1001 535 1072 608 l8l

107 652 213 739 prout
238 639 344 708 homo
369 637 586 738 hypostatice
613 638 729 710 unitus
753 639 818 710 Dei
843 639 983 732 Verbo,
1009 642 1072 715 Sa·

106 746 227 820 cardos
252 748 290 818 in
315 761 486 819 aternam
511 746 708 819 secundnm
737 747 898 820 ordinem
931 749 1075 822 Melchi-

105 854 244 943 sedech,
261 857 309 928 ait
333 857 460 956 Regius
476 857 777 958 Psahnographus,
794 883 900 956 quem
917 857 960 930 de
979 859 1075 934 Chri·

106 981 160 1038 sto
186 963 314 1036 Paulus
338 965 597 1065 interpretatur.
623 965 641 1002 *⁸
1030 1041 1035 1052 ,

152 1075 334 1147 Postremo
360 1074 613 1166 denominatur,
637 1099 678 1146 ac
703 1099 785 1148 vere
802 1087 865 1165 est,
880 1089 986 1174 prout
1011 1075 1071 1146 ho·

102 1207 175 1275 mo,
198 1181 467 1254 Praedestt'natns
485 1181 528 1252 ah
553 1198 710 1274 aeterno,
734 1182 896 1256 videlicet
925 1199 1001 1254 tum
1027 1182 1076 1256 ad

102 1295 303 1367 filiationem
320 1294 385 1366 Dei
401 1294 605 1384 naturalem,
621 1321 664 1366 ex
681 1296 795 1394 primo
812 1294 856 1366 ad
872 1297 996 1388 Rom,
1013 1293 1073 1366 ubi

102 1402 238 1495 dicitur,
263 1404 325 1501 qni
343 1402 611 1498 predestinatus
637 1419 687 1476 est
712 1404 827 1475 Filias
854 1405 923 1476 Dei
947 1408 985 1477 in
1012 1407 1073 1476 vir·

102 1529 175 1587 tate
187 1570 200 1602 ,
227 1530 265 1585 ut
290 1539 418 1612 nempe
440 1515 538 1612 juxta
564 1530 700 1585 textum
725 1517 818 1586 hune
842 1516 1007 1587 Latinum
1032 1541 1072 1588 ac

100 1626 244 1698 Latinos
277 1626 489 1725 Interpretes
505 1651 569 1724 per
588 1627 734 1724 gratiam
750 1627 888 1697 unionis
913 1629 1072 1727 hyposta-

101 1738 192 1830 ticae,
216 1762 315 1835 aeque
341 1761 381 1807 ac
406 1737 606 1828 humanam,
631 1735 774 1810 haberet
799 1735 953 1810 divinam
975 1753 1071 1807 natu·

100 1873 178 1920 ram
203 1847 397 1944 divinaeque
422 1863 554 1919 naturae
580 1850 880 1947 potentian13turn
905 1873 970 1946 per
995 1872 1072 1919 con·

100 1983 250 2055 sequens
275 1956 320 2027 ad
345 1955 541 2028 beatificam
565 1957 631 2028 Dei
656 1957 834 2047 visionem,
850 1982 928 2053 quae
946 1953 1072 2027 divinae

99 2069 149 2140 illi
166 2065 319 2140 fdiationi
338 2065 495 2138 debetur.
512 2066 628 2164 Atque
645 2069 727 2139 hine
742 2067 1010 2138 transcurrimus
1027 2061 1071 2135 ad

100 2181 306 2279 dignitatem
333 2178 435 2249 aliam
461 2180 590 2251 Christi
607 2179 689 2251 Jesu
706 2175 1020 2279 pervestigandam,
1036 2203 1071 2247 u·

99 2306 195 2363 trum
219 2316 346 2389 nempe
373 2291 416 2360 sit
441 2305 477 2360 et
502 2288 570 2368 dici
595 2291 724 2388 possit,
750 2304 920 2386 quatenus
944 2288 1071 2378 homo,

14 2445 15 2454 κ
99 2402 206 2474 Filius
230 2401 296 2473 Dei
321 2399 484 2472 naturalis
509 2401 565 2484 rel
591 2400 783 2502 adoptivus.
801 2400 867 2471 Hic
884 2415 1001 2470 autem
1018 2413 1071 2469 est

98 2511 235 2582 alterans
256 2508 361 2603 filins
387 2503 748 2596 nataralisyae'ilicet
776 2511 1000 2604 generatione
1035 2519 1070 2577 et

98 2633 241 2704 namra,
265 2621 327 2716 qni
347 2642 413 2714 per
435 2616 848 2714 adoptionem,'videlieet
863 2611 1069 2711 assumptio·

141 2941 149 2958 ¹
167 2941 283 2992 Sacerdos
300 2942 402 2991 edicitur
418 2935 551 2990 secundnm
566 2936 676 2988 ordinem
692 2945 736 2987 aut
758 2939 831 2987 ritum
847 2945 873 2986 et
889 2935 1070 2985 similitudinem

96 3023 291 3090 Melchisedechi3
309 3027 339 3074 de
356 3041 406 3092 quo
422 3023 491 3092 plura
508 3024 573 3090 apud
590 3024 615 3074 S.
632 3021 795 3091 Epiphaniam
811 3021 827 3072 l.
846 3021 861 3071 2
877 3021 962 3071 haeresi
978 3020 994 3072 l
1011 3020 1071 3072 Mel-

97 3111 274 3161 chisedechiani
291 3110 396 3162 haeretici
412 3109 567 3160 fabulantur:
585 3124 638 3160 non
652 3115 734 3158 autem
755 3106 879 3157 mineus
902 3108 1012 3156 sacerdos
1034 3122 1070 3157 se

95 3195 204 3243 cundum
221 3195 303 3244 Aaron
320 3182 438 3257 ordinem
455 3196 571 3262 quoniam
582 3200 608 3242 et
619 3191 731 3244 Christus
747 3208 799 3242 non
814 3207 845 3241 ex
860 3190 1009 3256 arbutea,
1026 3191 1070 3241 sed

99 3278 168 3327 luiln
185 3287 253 3326 ortus
270 3284 316 3340 est,
333 3285 358 3326 et
374 3275 414 3326 ille
430 3275 527 3328 aliunde
544 3277 660 3328 Sacerdos
676 3276 800 3341 Altissimi,
816 3284 902 3344 prater
917 3275 1036 3343 analogias
1047 3292 1071 3324 a·

95 3360 139 3411 lias
155 3361 187 3410 ab
204 3360 288 3430 Apost.
307 3360 379 3410 llebr.
398 3361 411 3410 7
431 3377 461 3411 ex
478 3359 586 3429 professo
603 3364 742 3429 descriptas,
759 3377 848 3430 panem
872 3360 929 3412 olim
945 3359 1070 3429 proferens

99 3453 124 3494 et
141 3447 227 3493 vinum
244 3447 326 3512 eisquc
343 3443 505 3511 benedicens,
522 3445 676 3498 adumbravit
693 3446 784 3498 Christi
799 3447 942 3498 sacrificium
958 3449 1069 3508 incruen-

97 3536 167 3592 tum,
184 3529 243 3578 dum
262 3528 300 3580 hic
317 3531 342 3578 in
359 3533 488 3580 novissima
504 3547 569 3581 crena
585 3547 657 3582 suum
673 3531 763 3583 obtulit
778 3550 866 3601 corpus
882 3541 907 3583 et
928 3534 1070 3600 sanguinem

89 3613 135 3664 sub
152 3617 220 3682 panis
246 3633 274 3664 ac
300 3619 347 3665 vini
372 3616 506 3684 speciebus.
530 3618 637 3668 Vocatur
661 3623 733 3669 etiam
749 3618 867 3671 Sacerdos
888 3618 914 3670 in
935 3634 1068 3682 nnrnumf

97 3700 152 3764 quia
170 3697 281 3749 Christus
298 3703 323 3750 in
340 3717 441 3750 munere
459 3701 605 3752 Sacerdotah
622 3703 716 3754 nullum
738 3703 825 3754 habuit
848 3722 1026 3772 successorem,
1043 3716 1069 3756 ct

97 3780 138 3831 illo
154 3783 233 3846 adhuc
250 3783 351 3848 sumens
367 3789 473 3854 seipsum
490 3787 598 3854 quotidie
614 3788 732 3837 sacrificat
749 3792 881 3840 ministerio
904 3793 1067 3856 Sacerdotem,

97 3875 123 3916 et
141 3885 217 3938 usque
234 3873 265 3920 ad
282 3875 374 3922 cuturn
391 3875 476 3924 mundi
493 3873 644 3924 sacrificabit.
661 3875 769 3924 Laudavi
786 3894 807 3926 c.
821 3875 834 3925 7
848 3879 893 3946 Ep.
905 3860 936 3929 ad
948 3877 1067 3928 Hebraeos:

98 3952 155 4004 inde
172 3953 242 4020 plura
258 3957 340 4024 quoad
357 3955 404 4009 noc
419 3961 498 4025 ipsum
515 3958 614 4009 doctore
630 3957 707 4010 Paulo
723 3961 850 4027 perdisces.
