2932 4970
263 526 305 575 oa
322 521 449 572 sacam.
465 521 586 570 rossn.
603 521 647 570 ar
664 511 740 570 arv.
765 521 838 568 aar.
992 493 1049 567 (il.

88 644 92 650 ’
112 613 228 682 etot.
253 613 276 680 l.
300 611 347 678 Ex
363 609 531 698 Prophetla
546 605 657 689 laceb,
672 605 834 674 llessiasa
854 607 963 678 multis
976 608 1043 696 jam
1069 661 1089 724 a,

61 715 191 789 seculis
213 715 405 784 adventavit

93 826 390 900 ,Demonstratun
415 821 471 892 Ac
495 819 651 920 primiam
685 816 802 891 indico
837 847 1042 916 germanum

64 937 153 1010 illius
178 932 329 1009 vaticinii
346 956 498 1020 sensum,
524 953 631 1027 quem
656 926 769 1000 Judaei
794 931 930 1004 veritati
955 961 1042 1035 prae-

63 1045 247 1120 tendentes
263 1042 435 1132 offuciam,
451 1038 622 1140 perversis
638 1035 814 1110 foedarunt
838 1040 1043 1143 interpreta-

64 1158 225 1249 tionihos3
252 1182 338 1256 quas
359 1172 478 1226 tamen
503 1152 579 1252 ipsi,
606 1151 676 1222 suis
694 1149 730 1219 in
748 1154 936 1248 targumim
955 1159 1062 1230 chal·v

65 1267 181 1359 daicis,
207 1263 362 1339 celebres
387 1261 621 1360 Targumistae
648 1257 862 1359 displodunt.
878 1261 967 1336 Non
983 1293 1043 1339 au·

51 1379 199 1475 seretur
222 1389 401 1471 sceptrum
425 1372 467 1444 de
492 1369 591 1443 Judu
604 1425 617 1458 ,
642 1367 820 1466 inquiebat
853 1370 985 1466 Jacob,
1010 1391 1045 1448 et

64 1485 160 1558 Dux
184 1481 226 1554 de
238 1480 385 1578 femore
402 1482 489 1576 ejus.
506 1479 610 1550 Hisce
627 1477 743 1550 verbis
768 1477 825 1552 ille
842 1505 1043 1580 supremam

61 1610 288 1697 potestatem,
313 1615 514 1690 expressam
538 1589 699 1662 hebraica
724 1616 810 1664 voce
830 1591 957 1682 scebet,
972 1621 1044 1670 sce·

56 1722 156 1804 pun,
182 1729 223 1776 ac
237 1700 473 1800 legislatorem
490 1716 526 1772 et
542 1701 794 1797 magistratum
797 1703 896 1800 juxta
913 1731 1044 1780 nomen
1060 1739 1063 1746 ⁴

63 1813 274 1900 mechelek,
291 1811 437 1899 ducem,
454 1813 515 1908 (et
533 1813 627 1883 hunc
642 1811 684 1883 de
697 1809 845 1908 semare
861 1810 967 1890 Judce
984 1838 1045 1893 aut

63 1926 139 2022 ejus
164 1921 305 2021 stirpe),
330 1945 402 1992 non
418 1917 572 1990 ablatum
597 1919 639 1990 iri
665 1919 855 2020 spopondit
871 1922 913 1997 de
929 1927 1045 2018 Juda;

61 2028 156 2103 idest
180 2028 225 2102 de
250 2027 372 2101 Judaea
397 2027 516 2100 sobole
534 2053 574 2100 ac
591 2028 695 2120 tribu,
712 2044 774 2100 aut
789 2031 947 2125 Natione‚
972 2062 1065 2110 non=

64 2135 224 2212 absolute
249 2161 479 2210 recessurum.
498 2138 688 2238 Quousque
706 2165 790 2212 vero
807 2166 879 2213 non
896 2144 1048 2220 auferen-

65 2250 152 2325 dum
178 2251 426 2326 adnunciavit?
452 2250 564 2324 donec
591 2255 720 2340 veniat,
736 2254 863 2351 inquit,
880 2260 943 2356 qui
966 2263 1047 2331 mit·

65 2363 191 2442 undas
208 2379 275 2453 cst;
294 2363 411 2462 quoad
437 2389 547 2461 usque
573 2363 704 2437 scilicet
729 2364 951 2442 adventasset
975 2395 1046 2444 ma·

65 2499 156 2571 gnus
181 2471 239 2544 ille
265 2473 420 2565 Messias,
446 2473 507 2572 qui
531 2473 727 2547 Mittendus
751 2501 793 2548 ac
810 2477 935 2549 missus
953 2503 1048 2552 voca·

66 2601 127 2656 tur
150 2611 215 2685 per
242 2584 493 2677 excellentiam,
520 2600 643 2685 utpote
669 2587 730 2683 qui
751 2588 945 2662 mittendus
963 2606 1048 2684 erat,

66 2697 263 2795 missusque
281 2714 334 2770 est
351 2696 397 2770 ad
413 2723 502 2796 opus
528 2697 685 2768 omnium
705 2697 1048 2773 excellentissimum:

67 2820 105 2876 et
131 2801 175 2876 de
201 2832 270 2903 quo
296 2804 371 2878 solo
397 2802 465 2878 dici
486 2807 564 2904 jure
590 2821 739 2904 poterat,
765 2809 836 2903 ipse
852 2811 917 2880 erit
941 2833 1071 2905 expe·

67 2921 176 2988 statio
204 2919 386 3004 Gentium,
412 2943 484 3008 seu,
512 2933 550 2988 ut
575 2916 682 2988 habet
708 2933 825 2990 textus
856 2918 1050 3012 hebraicus,
1101 2931 1104 2938 '

67 3033 101 3102 ei
126 3031 191 3101 erit
215 3029 410 3102 obedientia
429 3029 667 3126 populorum,·
692 3045 799 3128 prout
823 3027 912 3102 liber
937 3031 1051 3102 Gene-

70 3163 172 3229 seOS,
197 3138 306 3229 Isaiae,
332 3137 501 3229 Psalterii,
527 3153 564 3208 et
589 3137 703 3208 omnis
726 3137 904 3239 Scriptura
931 3153 1051 3212 ventu·

69 3249 99 3320 ri
127 3247 256 3320 Christi
282 3247 479 3346 praenuntia
506 3248 663 3347 apprime
691 3246 853 3320 declarat.
870 3245 975 3319 Unde

119 3358 260 3431 Instruo
286 3361 336 3430 sic
353 3349 611 3456 argumentum
629 3360 825 3460 sceptrum,
848 3355 1053 3452 dominatitt,

70 3467 288 3568 principatus
315 3493 386 3539 non
421 3467 633 3540 auferendus
660 3493 679 3538 e
705 3466 795 3542 Juda
825 3465 1068 3568 praedicitur,-

71 3577 189 3676 quoad
215 3581 355 3652 Messias
380 3579 577 3653 advenerit:
604 3581 702 3678 atqui
727 3579 834 3651 tribui
858 3577 970 3670 Judae,
994 3578 1053 3650 Ju-

72 3686 180 3764 daicae
214 3692 310 3788 genti
345 3688 456 3762 ablata
484 3707 538 3762 est
568 3687 777 3790 jamdudum
813 3705 848 3760 et
882 3689 1054 3788 possessio

72 3805 203 3903 sceptri
230 3821 266 3876 et
291 3804 470 3903 regiminis
488 3801 608 3888 ¹forma
635 3803 749 3875 omnis
776 3802 934 3876 omnisve
959 3803 1054 3902 prin·

73 3913 210 4010 cipatus
236 3929 271 3984 et
296 3913 492 4005 auctoritas,
514 3913 571 4012 jus
597 3913 739 4010 inquam
767 3910 881 4011 gladii,
902 3913 959 4009 jus
984 3933 1062 3982 ont-v
