2942 4962
376 473 448 568 2l2
535 512 538 520 ·
710 513 770 561 tn.
796 515 832 562 ιν
856 513 1019 562 arreuorx
1101 519 1104 524 ·

425 605 461 676 Si
486 625 569 676 vero
586 599 731 671 seorsim
749 598 920 696 respicias,
937 615 977 669 ut
993 599 1118 672 mortis
1135 601 1352 675 instrument·

372 733 450 790 tum
462 771 472 808 ‚
496 711 633 784 adorari
658 708 762 782 debet
787 733 830 780 ex
856 708 938 801 lide,
955 708 1126 782 declarata
1151 739 1171 782 a
1197 712 1353 786 Tridern·

372 827 447 898 tino
473 847 555 894 sess.
573 819 631 911 a5;
648 835 685 892 et
695 821 794 918 juxta
808 818 854 889 D.
871 819 1046 891 Thomam
1064 820 1229 918 aliosque,
1246 822 1350 919 quod

371 934 509 1024 addam,
532 930 642 1002 latriae
667 927 809 1026 quidem
834 927 942 1021 cultu,
962 929 1023 1000 sed
1048 929 1203 1023 relativo,
1228 957 1343 1034 prose·

372 1069 521 1146 quamur
546 1055 707 1140 oportet:
734 1045 844 1136 quum
869 1040 920 1111 sic
945 1039 1038 1115 inea
1057 1065 1128 1113 non
1153 1040 1245 1114 adsit
1261 1041 1340 1116 sub·

369 1157 494 1233 stantia
520 1149 717 1243 rationalis,
742 1150 798 1223 cui
823 1149 921 1222 latria
950 1149 1104 1225 absoluta
1133 1158 1317 1229 conveniat
1329 1183 1344 1249 ;¹

369 1269 461 1342 adsit
484 1289 567 1339 vero
592 1260 708 1352 decor,
733 1263 861 1360 quiex
887 1262 1016 1334 Christi
1035 1279 1216 1358 omnem,
1241 1282 1278 1338 et
1301 1267 1341 1339 il·

368 1377 435 1449 lius
460 1373 547 1444 laeta
574 1369 623 1448 ab,
644 1367 769 1441 eodem
791 1370 931 1442 Christo
947 1371 983 1440 in
1000 1371 1272 1444 instrumentum
1289 1401 1351 1448 sa·.

368 1485 450 1559 lutis
475 1479 644 1553 electione
669 1477 837 1570 dimanat,
861 1479 1112 1577 relativumque
1131 1481 1338 1580 expostulat.

368 1592 474 1686 Quod
499 1592 528 1663 si
554 1589 657 1661 tertio
683 1589 751 1662 alio
776 1589 884 1662 modo
910 1591 1130 1682 consideres,
1153 1608 1267 1691 prout·
1285 1609 1343 1664 est·

367 1710 483 1804 imago
507 1717 568 1774 aut
584 1700 753 1773 memoria
779 1702 908 1773 Christi
942 1701 1108 1793 crucifixi,
1133 1702 1228 1776 coles
1252 1705 1348 1776 inm

367 1813 566 1888 adoratione
582 1809 784 1910 respectiva,
800 1831 868 1908 qua
886 1806 1043 1881 colendae
1060 1823 1142 1880 sunt
1158 1809 1342 1910 imaginem

367 1928 484 2024 imago
509 1937 626 1995 autem
645 1919 813 2012 Christi,
838 1919 948 1992 solam
981 1918 1027 1992 ob
1061 1918 1277 1994 tendentium
1301 1923 1342 1994 iu-

367 2050 593 2138 prototypon,
618 2029 836 2104 latreuticam
860 2029 1044 2130 efflagitat:
1070 2056 1158 2104 crux
1173 2031 1280 2130 igitur
1304 2059 1343 2104 e·-

361 2152 420 2250 jus
443 2145 672 2248 latreuticam,
697 2157 749 2214 ast
773 2141 953 2216 relativam
969 2143 1088 2240 exigit·
1103 2143 1160 2215 Eo
1176 2143 1339 2224 similiter

365 2253 473 2329 modo
498 2267 579 2324 sunt
602 2248 786 2323 adorande
802 2248 877 2321 aliae
895 2255 1125 2348 quoecumque
1141 2249 1339 2323 consume

365 2387 497 2451 cruces,
520 2361 568 2430 ita
604 2383 684 2430 vero
714 2373 753 2428 ut
778 2357 879 2430 realis
907 2357 965 2430 illa
999 2384 1085 2430 crux
1117 2358 1250 2456 integra
1263 2411 1285 2448 ‚‚
1299 2371 1336 2428 et

365 2457 694 2569 quantulacumquae
710 2465 799 2562 ejus
817 2491 897 2539 vera
923 2465 1102 2565 particula,
1127 2464 1336 2565 latriapror-

365 2595 424 2653 s‘us
447 2575 582 2667 eadem,
598 2589 634 2645 et
649 2571 1124 2667 relativa-indiscriminatim.
1136 2574 1336 2656 adorentur.

364 2683 476 2763 Volte
489 2702 619 2759 *tamen
643 2682 892 2756 Bellarminum
918 2686 976 2758 hie
995 2712 1020 2756 a
1046 2711 1122 2786 cap.
1140 2686 1187 2758 20
1210 2681 1339 2762 udat.

371 2817 374 2824 ⁴
406 2794 472 2869 'ad
495 2819 578 2867 eum
595 2791 828 2893 porro‘latriae
845 2793 978 2866 cultum
995 2793 1190 2884 relativum,
1207 2807 1246 2862 ot
1261 2817 1337 2866 ome

365 2901 421 2981 nis
446 2899 551 2979 sacra·
565 2929 661 2979 verae·
681 2903 793 2976 crucis
818 2903 945 3002 imago,
971 2929 1084 2976 sacras
1108 2904 1202 2976 inter.
1216 2903 1336 3000 irnagi·

364 3041 427 3088 nes
452 3009 699 3111 computanda,
722 3009 781 3082 illa
806 3027 942 3111 spectat
967 3037 1053 3084 crux
1078 3010 1336 3104 sancta,·erucis

364 3128 503 3223 signum
527 3123 699 3195 transiens
713 3120 907 3220 appellata,
932 3149 999 3220 qua
1024 3138 1163 3198 nosmet
1183 3123 1276 3222 ipsos
1290 3121 1336 3192 si·

364 3233 527 3332 gnamus}
546 3249 583 3304 et
599 3232 644 3303 de
660 3258 739 3328 qua,
757 3247 878 3332 utpote
895 3232 1106 3306 Traditiouis
1118 3231 1336 3334 apostoliea,

363 3343 599 3416 Tertullianus
621 3344 728 3441 'haee
742 3343 907 3414 omnibus
928 3344 1107 3420 ‘servanda
1136 3341 1337 3444 proferebat
1454 3371 1455 3378 ¹

360 3457 405 3529 de
431 3453 571 3526 &runa
593 3446 691 3524 num.
719 3451 763 3522 3:
789 3451 838 3524 ad
859 3476 1255 3552 omnem.‚progressum
1286 3468 1336 3526 at·
1453 3485 1454 3503 ι

362 3575 428 3667 que
447 3579 669 3670 promotum,
694 3561 743 3636 ad
766 3587 909 3638 omnem
937 3563 1077 3637 aditum
1102 3579 1137 3637 et
1164 3565 1335 3653 extum,
1452 3599 1453 3617 ι

362 3680 409 3752 ad
422 3677 644 3763 calceatum,
664 3675 716 3746 xad
740 3675 894 3764 mvnera,
919 3675 968 3748 ad
991 3701 1146 3764 mensas,
1161 3675 1210 3748 ad
1234 3675 1335 3748 lumi·

361 3819 423 3879 rra,
447 3790 494 3862 ad
517 3786 661 3875 cubilia,
685 3787 734 3860 ad
756 3788 890 3876 sedilia,
914 3811 1230 3888 quacumqueuos
1252 3811 1334 3860 cou-

361 3903 504 3998 versatio
529 3913 700 3986 extruet,
726 3896 893 3994 flantem
918 3903 1034 3973 crucis
1068 3898 1251 3996 signaculo
1286 3912 1334 3970 te·

1451 3689 1452 3731 ι

1450 3779 1451 3847 l

1446 4097 1448 4196 l
