2908 4962
190 507 195 518 '
276 527 330 588 ¹or.
347 505 563 573 nucussrraru
580 527 623 572 ar
641 525 754 574 causis
772 526 902 576 lucano.
1041 498 1099 580 8³5·
1128 533 1130 538 ·

111 614 203 686 stare
228 609 331 703 valet,
356 611 437 708 quia
462 634 572 706 quum
601 613 720 682 omnia
737 612 807 682 sint
831 611 907 703 Dei,
935 599 972 706 et
996 617 1094 700 natu-J

108 722 193 794 ralia
218 745 259 794 ac
283 717 556 819 supernaturalia
582 717 699 790 aDao'
719 719 995 820 proficiscantur,
1020 745 1091 793 om·

109 831 168 902 nia
193 831 268 902 Deo
295 828 478 900 debentur.
503 827 577 900 Nec
602 827 745 900 tandem
770 839 899 928 potest,
919 855 1018 929 purae
1044 855 1100 910 sa<

109 937 262 1011 tissactio
288 952 455 1037 creaturae
480 935 621 1033 aequalis
646 938 813 1009 csse-Deo
830 937 931 1010 lactae
952 929 1092 1034 offensae

108 1064 172 1121 aut
195 1045 406 1146 aequivalens
422 1047 555 1146 injuriae
573 1048 752 1146 gravitati:
779 1037 910 1149 quippe
931 1039 1019 1121 cum
1035 1075 1092 1122 va·

100 1155 164 1229 lor
188 1154 433 1228 satisfactionis
469 1156 642 1254 praecipue
675 1171 817 1255 petatur
842 1182 886 1228 ex
921 1154 1090 1255 dignitate

110 1251 363 1359 satisfacientis,
380 1281 416 1338 et
441 1291 460 1337 a
486 1282 607 1339 contra
633 1292 677 1337 ex
698 1293 857 1367 personae
873 1267 965 1341 laesae
983 1267 1092 1367 digni·

110 1393 182 1451 tate
208 1379 358 1478 gravitas
383 1376 535 1468 offensae,
561 1378 656 1448 finita
684 1394 737 1450 est
762 1377 950 1452 satisfactio
975 1369 1092 1480 perso·

110 1519 167 1565 nae
191 1492 311 1583 finitae,
337 1488 448 1588 qualis
465 1505 519 1560 est
535 1513 622 1588 pura
647 1508 816 1583 creatura,
833 1504 868 1562 et
885 1507 939 1564 est
954 1492 1092 1563 infinita

110 1627 155 1672 ex
181 1598 326 1673 adverso
353 1597 502 1697 gravitas
528 1596 748 1692 offensionis3
774 1626 858 1672 nam
882 1616 1066 1701 peccatum
1081 1651 1102 1690 ,.

110 1709 160 1780 ait
184 1708 385 1806 Angelicus,
409 1706 604 1804 quamdam
629 1707 842 1804 infinitatem
866 1706 993 1797 habet,
1018 1733 1092 1780 non

112 1819 291 1894 entitative
318 1834 377 1890 aut
402 1819 440 1890 in
465 1811 594 1916 genere
619 1819 721 1912 entis,
737 1819 799 1891 sed
824 1819 1038 1892 extrinsecus
1053 1821 1092 1894 in

113 1955 242 2027 genere
275 1931 407 2019 moris,
433 1929 485 2002 e‘a:
519 1927 692 2024 infinitate
726 1928 853 2003 divina
887 1933 1091 2026 majestatis.

111 2038 217 2128 Quod
242 2039 270 2111 si
304 2037 518 2130 contendas,
548 2037 718 2110 malitiam
750 2041 909 2138 peccati,
934 2055 976 2113 ut
1008 2065 1091 2112 cum

109 2148 140 2218 F
141 2149 294 2220 rassenio
321 2149 482 2219 Scotistae
508 2147 651 2246 volunt,
677 2147 834 2248 adeoque
859 2147 990 2220 illatam
1015 2148 1091 2220 Deo

109 2260 271 2358 injuriam
305 2283 377 2330 non
403 2284 479 2330 essa
504 2284 549 2330 ne
574 2260 613 2330 in
643 2285 770 2359 genere
805 2257 950 2358 quidem
982 2259 1091 2330 moris
1120 2311 1122 2314 -

110 2370 303 2444 lonnaliter
318 2370 502 2463 infinitam;
519 2372 614 2443 haud
629 2387 816 2472 propterea
833 2370 1024 2443 elevabitur
1040 2393 1091 2440 ar-

109 2497 333 2582 gumentum:
351 2483 434 2581 quia
450 2483 863 2584 pretiumsatissactionis
880 2507 987 2555 merae
999 2506 1091 2554 crea·

108 2609 212 2685 turae,
237 2589 450 2691 quibuslibet
476 2595 593 2692 gratiis
619 2596 759 2694 opimae,
776 2592 907 2666 ordinis
932 2607 985 2664 est
1009 2590 1090 2664 inle-

110 2701 213 2773 rioris
237 2698 281 2772 ad
308 2701 513 2799 gravitatem
542 2703 699 2802 injuriae,
726 2730 806 2801 quae
840 2703 876 2772 in
901 2725 1090 2801 supremo,

1 2858 2 2864 κ
110 2813 244 2886 ratione
269 2811 360 2886 laesoe
386 2813 576 2912 dignitatis,
601 2813 723 2886 ordine
750 2816 985 2905 constituitur;
1012 2839 1090 2911 qua·

109 2938 257 3022 propter
281 2937 318 2994 et
342 2949 386 2995 ex
411 2925 480 2995 hoc
501 2925 614 3024 capite
631 2923 874 2997 satisfactionis
890 2922 1091 3022 aequivalen-

109 3035 158 3105 tia
183 3031 326 3106 tollitur.
350 3034 447 3132 Ergo
473 3050 539 3107 etc.

155 3205 272 3272 PROP.
295 3208 333 3274 ll.
356 3207 586 3275 incarnationis
611 3229 704 3276 cansa
733 3207 835 3276 finalis
863 3207 923 3277 suit
944 3209 1092 3276 liberatio

108 3306 249 3373 hominis
273 3328 290 3374 a
314 3322 445 3396 peccato
469 3297 619 3396 originali
642 3323 675 3378 et
699 3309 838 3393 actuali,
866 3313 1006 3379 totiusve
1036 3329 1093 3396 ge·

109 3408 199 3474 neris
222 3409 354 3476 humani
378 3412 578 3499 redemptio:
603 3413 711 3499 quoad
734 3433 861 3479 causam
891 3432 968 3478 vero
998 3411 1093 3476 mari-

107 3511 239 3591 teriam,
263 3512 386 3578 nullum
411 3515 520 3600 potuit
543 3511 576 3578 io
601 3513 764 3579 veteribus
796 3513 1012 3594 Patriarchis,
1036 3521 1092 3578 aut

108 3613 206 3678 etiam
230 3613 362 3700 Virgine
385 3612 573 3681 intemerata
597 3611 701 3680 inesse
728 3615 905 3694 meritum,
928 3613 1017 3702 quod
1040 3613 1093 3677 ln·

109 3717 329 3784 carnationcm
340 3715 606 3786 substantialiter
617 3725 779 3804 acceptam
791 3719 830 3782 dc
843 3717 1005 3802 condique
1017 3735 1092 3805 pro·
1119 3737 1120 3744 ¹

98 3821 272 3888 meruerit.
