<?xml version="1.0" encoding="UTF-8"?>
<!DOCTYPE html PUBLIC "-//W3C//DTD XHTML 1.0 Transitional//EN"
    "http://www.w3.org/TR/xhtml1/DTD/xhtml1-transitional.dtd">
<html xmlns="http://www.w3.org/1999/xhtml" xml:lang="en" lang="en">
 <head>
  <title>
</title>
<meta http-equiv="Content-Type" content="text/html;charset=utf-8" />
  <meta name='ocr-system' content='tesseract 3.04.00' />
  <meta name='ocr-capabilities' content='ocr_page ocr_carea ocr_par ocr_line ocrx_word'/>
</head>
<body>
  <div class='ocr_page' id='page_1' title='image "./sacrtheologiins00gutigoog_0062.png"; bbox 0 0 2708 4800; ppageno 0'>
   <div class='ocr_carea' id='block_1_1' title="bbox 173 457 1183 3610">
    <p class='ocr_par' dir='ltr' id='par_1_1' title="bbox 173 457 1183 3610">
     <span class='ocr_line' id='line_1_1' title="bbox 485 457 1167 530; baseline 0.002 -6.036"><span class='ocrx_word' id='word_1_1' title='bbox 485 458 710 524; x_wconf 70' lang='lat' dir='ltr'>persorensis</span> <span class='ocrx_word' id='word_1_2' title='bbox 736 473 866 523; x_wconf 83' lang='lat' dir='ltr'>cunrsrr</span> <span class='ocrx_word' id='word_1_3' title='bbox 974 509 981 524; x_wconf 91' lang='lat'><strong>.</strong></span> <span class='ocrx_word' id='word_1_4' title='bbox 1100 457 1167 530; x_wconf 82' lang='grc'>59</span> 
     </span>
     <span class='ocr_line' id='line_1_2' title="bbox 226 557 1170 631; baseline 0.002 -19"><span class='ocrx_word' id='word_1_5' title='bbox 226 559 336 613; x_wconf 57' lang='lat' dir='ltr'>&amp;marea</span> <span class='ocrx_word' id='word_1_6' title='bbox 346 598 422 614; x_wconf 90' lang='grc'><strong>.....</strong></span> <span class='ocrx_word' id='word_1_7' title='bbox 434 577 558 611; x_wconf 86' lang='lat' dir='ltr'>commum</span> <span class='ocrx_word' id='word_1_8' title='bbox 551 559 672 609; x_wconf 84' lang='lat' dir='ltr'>adversa</span> <span class='ocrx_word' id='word_1_9' title='bbox 683 560 766 608; x_wconf 89' lang='lat' dir='ltr'>sensui</span> <span class='ocrx_word' id='word_1_10' title='bbox 783 557 902 620; x_wconf 84' lang='lat' dir='ltr'>fidelium,</span> <span class='ocrx_word' id='word_1_11' title='bbox 921 561 1056 631; x_wconf 77' lang='lat' dir='ltr'>opponitur</span> <span class='ocrx_word' id='word_1_12' title='bbox 1073 567 1170 615; x_wconf 77' lang='lat' dir='ltr'>veritnti</span> 
     </span>
     <span class='ocr_line' id='line_1_3' title="bbox 181 645 1172 715; baseline 0.005 -19"><span class='ocrx_word' id='word_1_13' title='bbox 181 655 264 713; x_wconf 78' lang='lat' dir='ltr'>certae,</span> <span class='ocrx_word' id='word_1_14' title='bbox 282 656 310 698; x_wconf 91' lang='lat' dir='ltr'>ut</span> <span class='ocrx_word' id='word_1_15' title='bbox 325 647 406 715; x_wconf 86' lang='lat' dir='ltr'>ajunt,</span> <span class='ocrx_word' id='word_1_16' title='bbox 423 645 559 710; x_wconf 78' lang='lat' dir='ltr'>theologica</span> <span class='ocrx_word' id='word_1_17' title='bbox 575 647 730 708; x_wconf 87' lang='lat' dir='ltr'>certitudine;</span> <span class='ocrx_word' id='word_1_18' title='bbox 747 662 801 714; x_wconf 82' lang='lat' dir='ltr'>quae</span> <span class='ocrx_word' id='word_1_19' title='bbox 818 645 946 710; x_wconf 82' lang='lat' dir='ltr'>videlicet,</span> <span class='ocrx_word' id='word_1_20' title='bbox 964 665 1015 698; x_wconf 90' lang='lat' dir='ltr'>non</span> <span class='ocrx_word' id='word_1_21' title='bbox 1032 652 1172 704; x_wconf 83' lang='lat' dir='ltr'>immediate</span> 
     </span>
     <span class='ocr_line' id='line_1_4' title="bbox 184 728 1170 799; baseline 0.001 -18"><span class='ocrx_word' id='word_1_22' title='bbox 184 733 211 782; x_wconf 92' lang='lat' dir='ltr'>in</span> <span class='ocrx_word' id='word_1_23' title='bbox 227 749 254 783; x_wconf 89' lang='lat' dir='ltr'>se</span> <span class='ocrx_word' id='word_1_24' title='bbox 270 732 385 798; x_wconf 84' lang='lat' dir='ltr'>revelata,</span> <span class='ocrx_word' id='word_1_25' title='bbox 402 748 433 782; x_wconf 85' lang='lat' dir='ltr'>er</span> <span class='ocrx_word' id='word_1_26' title='bbox 450 747 501 781; x_wconf 93' lang='lat' dir='ltr'>uno</span> <span class='ocrx_word' id='word_1_27' title='bbox 518 729 575 780; x_wconf 83' lang='lat' dir='ltr'>fidei</span> <span class='ocrx_word' id='word_1_28' title='bbox 593 728 683 799; x_wconf 81' lang='lat' dir='ltr'>placito</span> <span class='ocrx_word' id='word_1_29' title='bbox 701 728 854 795; x_wconf 78' lang='lat' dir='ltr'><strong>naturalique</strong></span> <span class='ocrx_word' id='word_1_30' title='bbox 871 729 948 780; x_wconf 85' lang='lat' dir='ltr'>altero</span> <span class='ocrx_word' id='word_1_31' title='bbox 961 733 1088 783; x_wconf 82' lang='lat' dir='ltr'>evidenter·</span> <span class='ocrx_word' id='word_1_32' title='bbox 1105 733 1170 787; x_wconf 80' lang='lat' dir='ltr'>eiici-</span> 
     </span>
     <span class='ocr_line' id='line_1_5' title="bbox 184 817 1172 888; baseline 0.001 -20"><span class='ocrx_word' id='word_1_33' title='bbox 184 827 234 869; x_wconf 87' lang='lat' dir='ltr'>tur.</span> <span class='ocrx_word' id='word_1_34' title='bbox 252 819 288 870; x_wconf 83' lang='lat' dir='ltr'>lta</span> <span class='ocrx_word' id='word_1_35' title='bbox 305 821 476 882; x_wconf 88' lang='lat' dir='ltr'>communiter,</span> <span class='ocrx_word' id='word_1_36' title='bbox 489 835 520 868; x_wconf 82' lang='lat' dir='ltr'>er</span> <span class='ocrx_word' id='word_1_37' title='bbox 531 819 685 886; x_wconf 85' lang='lat' dir='ltr'>oppositione</span> <span class='ocrx_word' id='word_1_38' title='bbox 703 817 807 866; x_wconf 80' lang='lat' dir='ltr'>mediata</span> <span class='ocrx_word' id='word_1_39' title='bbox 825 833 882 868; x_wconf 86' lang='lat' dir='ltr'>curn</span> <span class='ocrx_word' id='word_1_40' title='bbox 895 818 1012 869; x_wconf 87' lang='lat' dir='ltr'>divinitus</span> <span class='ocrx_word' id='word_1_41' title='bbox 1030 820 1118 888; x_wconf 65' lang='lat' dir='ltr'>liltlll!</span> <span class='ocrx_word' id='word_1_42' title='bbox 1130 823 1172 877; x_wconf 83' lang='lat' dir='ltr'>dn-</span> 
     </span>
     <span class='ocr_line' id='line_1_6' title="bbox 186 901 1173 977; baseline -0.003 -21"><span class='ocrx_word' id='word_1_43' title='bbox 186 910 274 971; x_wconf 84' lang='lat' dir='ltr'>ctrina,</span> <span class='ocrx_word' id='word_1_44' title='bbox 291 923 419 957; x_wconf 86' lang='lat' dir='ltr'>erroneam</span> <span class='ocrx_word' id='word_1_45' title='bbox 431 906 462 956; x_wconf 81' lang='lat' dir='ltr'>ab</span> <span class='ocrx_word' id='word_1_46' title='bbox 475 905 588 956; x_wconf 74' lang='lat' dir='ltr'>heretica</span> <span class='ocrx_word' id='word_1_47' title='bbox 600 905 751 954; x_wconf 85' lang='lat' dir='ltr'>discernunt.</span> <span class='ocrx_word' id='word_1_48' title='bbox 760 931 792 940; x_wconf 84' lang='lat'><strong>—</strong></span> <span class='ocrx_word' id='word_1_49' title='bbox 801 903 855 954; x_wconf 84' lang='lat' dir='ltr'>lam</span> <span class='ocrx_word' id='word_1_50' title='bbox 868 901 937 953; x_wconf 85' lang='lat' dir='ltr'>facile</span> <span class='ocrx_word' id='word_1_51' title='bbox 948 919 979 955; x_wconf 79' lang='lat' dir='ltr'>ex</span> <span class='ocrx_word' id='word_1_52' title='bbox 991 905 1062 960; x_wconf 77' lang='lat' dir='ltr'>dictis</span> <span class='ocrx_word' id='word_1_53' title='bbox 1073 923 1173 977; x_wconf 75' lang='lat' dir='ltr'>qunque</span> 
     </span>
     <span class='ocr_line' id='line_1_7' title="bbox 188 976 1138 1081; baseline -0.002 -36"><span class='ocrx_word' id='word_1_54' title='bbox 188 995 312 1045; x_wconf 77' lang='lat' dir='ltr'><strong>discernas</strong></span> <span class='ocrx_word' id='word_1_55' title='bbox 328 993 410 1044; x_wconf 82' lang='lat' dir='ltr'>ermri</span> <span class='ocrx_word' id='word_1_56' title='bbox 422 991 565 1064; x_wconf 80' lang='lat' dir='ltr'>proximas,</span> <span class='ocrx_word' id='word_1_57' title='bbox 582 989 704 1058; x_wconf 78' lang='lat' dir='ltr'>supienter</span> <span class='ocrx_word' id='word_1_58' title='bbox 722 1005 829 1038; x_wconf 76' lang='lat' dir='ltr'>emerem</span> <span class='ocrx_word' id='word_1_59' title='bbox 846 988 986 1058; x_wconf 78' lang='lat' dir='ltr'>errorisque</span> <span class='ocrx_word' id='word_1_60' title='bbox 1002 976 1138 1081; x_wconf 57' lang='lat' dir='ltr'>simpectas.</span> 
     </span>
     <span class='ocr_line' id='line_1_8' title="bbox 229 1072 1173 1144; baseline 0 -15"><span class='ocrx_word' id='word_1_61' title='bbox 229 1079 374 1129; x_wconf 65' lang='lat' dir='ltr'>Temeraria</span> <span class='ocrx_word' id='word_1_62' title='bbox 384 1115 458 1132; x_wconf 89' lang='grc'><strong>.....</strong></span> <span class='ocrx_word' id='word_1_63' title='bbox 471 1079 531 1128; x_wconf 89' lang='lat' dir='ltr'>dum</span> <span class='ocrx_word' id='word_1_64' title='bbox 542 1074 634 1143; x_wconf 81' lang='lat' dir='ltr'><strong>absque</strong></span> <span class='ocrx_word' id='word_1_65' title='bbox 647 1077 712 1141; x_wconf 81' lang='lat' dir='ltr'>gravi</span> <span class='ocrx_word' id='word_1_66' title='bbox 730 1072 890 1124; x_wconf 84' lang='lat' dir='ltr'>fundamento</span> <span class='ocrx_word' id='word_1_67' title='bbox 902 1092 1040 1144; x_wconf 68' lang='lat' dir='ltr'>repugnans</span> <span class='ocrx_word' id='word_1_68' title='bbox 1052 1086 1090 1131; x_wconf 82' lang='lat' dir='ltr'>cst</span> <span class='ocrx_word' id='word_1_69' title='bbox 1106 1081 1173 1144; x_wconf 76' lang='lat' dir='ltr'>gravi</span> 
     </span>
     <span class='ocr_line' id='line_1_9' title="bbox 185 1161 1173 1233; baseline 0.003 -18"><span class='ocrx_word' id='word_1_70' title='bbox 185 1168 292 1233; x_wconf 84' lang='lat' dir='ltr'>cuipiam</span> <span class='ocrx_word' id='word_1_71' title='bbox 309 1167 457 1228; x_wconf 83' lang='lat' dir='ltr'>auctoritati3</span> <span class='ocrx_word' id='word_1_72' title='bbox 474 1164 608 1226; x_wconf 89' lang='lat' dir='ltr'>communi,</span> <span class='ocrx_word' id='word_1_73' title='bbox 622 1169 648 1210; x_wconf 88' lang='lat' dir='ltr'>ut</span> <span class='ocrx_word' id='word_1_74' title='bbox 659 1170 728 1230; x_wconf 85' lang='lat' dir='ltr'>puta,</span> <span class='ocrx_word' id='word_1_75' title='bbox 744 1161 788 1212; x_wconf 88' lang='lat' dir='ltr'>SS.</span> <span class='ocrx_word' id='word_1_76' title='bbox 801 1161 902 1212; x_wconf 76' lang='lat' dir='ltr'>Petrum</span> <span class='ocrx_word' id='word_1_77' title='bbox 920 1162 1037 1229; x_wconf 70' lang='lat' dir='ltr'>doctrinm</span> <span class='ocrx_word' id='word_1_78' title='bbox 1053 1174 1097 1217; x_wconf 79' lang='lat' dir='ltr'>aut</span> <span class='ocrx_word' id='word_1_79' title='bbox 1114 1183 1173 1218; x_wconf 86' lang='lat' dir='ltr'>cou-</span> 
     </span>
     <span class='ocr_line' id='line_1_10' title="bbox 185 1245 1122 1298; baseline -0.009 0"><span class='ocrx_word' id='word_1_80' title='bbox 185 1249 261 1298; x_wconf 85' lang='lat' dir='ltr'>stanti</span> <span class='ocrx_word' id='word_1_81' title='bbox 278 1248 333 1297; x_wconf 87' lang='lat' dir='ltr'>DD.</span> <span class='ocrx_word' id='word_1_82' title='bbox 351 1250 480 1297; x_wconf 70' lang='lat' dir='ltr'>sentcntiae</span> <span class='ocrx_word' id='word_1_83' title='bbox 496 1245 707 1297; x_wconf 86' lang='lat' dir='ltr'>scholasticorum.</span> <span class='ocrx_word' id='word_1_84' title='bbox 1120 1264 1122 1268; x_wconf 58' lang='grc'>’</span> 
     </span>
     <span class='ocr_line' id='line_1_11' title="bbox 227 1318 1176 1407; baseline 0.001 -27"><span class='ocrx_word' id='word_1_85' title='bbox 227 1318 392 1380; x_wconf 76' lang='lat' dir='ltr'>Schismatica</span> <span class='ocrx_word' id='word_1_86' title='bbox 402 1367 476 1379; x_wconf 89' lang='grc'><em>.....</em></span> <span class='ocrx_word' id='word_1_87' title='bbox 493 1345 522 1378; x_wconf 86' lang='lat' dir='ltr'>ea</span> <span class='ocrx_word' id='word_1_88' title='bbox 540 1331 683 1392; x_wconf 82' lang='lat' dir='ltr'>traducitur,</span> <span class='ocrx_word' id='word_1_89' title='bbox 700 1343 764 1396; x_wconf 78' lang='lat' dir='ltr'>quur,</span> <span class='ocrx_word' id='word_1_90' title='bbox 781 1331 863 1397; x_wconf 85' lang='lat' dir='ltr'>inquii</span> <span class='ocrx_word' id='word_1_91' title='bbox 879 1328 956 1381; x_wconf 74' lang='lat' dir='ltr'>multa</span> <span class='ocrx_word' id='word_1_92' title='bbox 973 1338 1030 1401; x_wconf 84' lang='lat' dir='ltr'>post</span> <span class='ocrx_word' id='word_1_93' title='bbox 1040 1342 1176 1407; x_wconf 59' lang='lat' dir='ltr'>pioemtlflla</span> 
     </span>
     <span class='ocr_line' id='line_1_12' title="bbox 185 1410 1175 1492; baseline 0.004 -22"><span class='ocrx_word' id='word_1_94' title='bbox 185 1420 343 1486; x_wconf 80' lang='lat' dir='ltr'>Montagnus,</span> <span class='ocrx_word' id='word_1_95' title='bbox 360 1423 425 1469; x_wconf 85' lang='lat' dir='ltr'>viam</span> <span class='ocrx_word' id='word_1_96' title='bbox 441 1421 552 1468; x_wconf 83' lang='lat' dir='ltr'>scissioni</span> <span class='ocrx_word' id='word_1_97' title='bbox 568 1421 668 1470; x_wconf 82' lang='lat' dir='ltr'>unitatis</span> <span class='ocrx_word' id='word_1_98' title='bbox 679 1419 846 1470; x_wconf 76' lang='lat' dir='ltr'>ecclesiastice</span> <span class='ocrx_word' id='word_1_99' title='bbox 863 1422 950 1492; x_wconf 69' lang='lat' dir='ltr'>aqrcrit3</span> <span class='ocrx_word' id='word_1_100' title='bbox 962 1410 1073 1477; x_wconf 82' lang='lat' dir='ltr'>doctrina</span> <span class='ocrx_word' id='word_1_101' title='bbox 1085 1441 1175 1492; x_wconf 87' lang='lat' dir='ltr'>nempe</span> 
     </span>
     <span class='ocr_line' id='line_1_13' title="bbox 187 1501 1131 1572; baseline 0.005 -19"><span class='ocrx_word' id='word_1_102' title='bbox 187 1503 267 1572; x_wconf 84' lang='lat' dir='ltr'>aliqua</span> <span class='ocrx_word' id='word_1_103' title='bbox 285 1503 326 1554; x_wconf 87' lang='lat' dir='ltr'>vel</span> <span class='ocrx_word' id='word_1_104' title='bbox 342 1502 483 1571; x_wconf 83' lang='lat' dir='ltr'>simpliciter</span> <span class='ocrx_word' id='word_1_105' title='bbox 499 1503 661 1567; x_wconf 84' lang='lat' dir='ltr'>schismatica,</span> <span class='ocrx_word' id='word_1_106' title='bbox 678 1501 719 1552; x_wconf 87' lang='lat' dir='ltr'>vel</span> <span class='ocrx_word' id='word_1_107' title='bbox 735 1505 809 1554; x_wconf 81' lang='lat' dir='ltr'>etiam</span> <span class='ocrx_word' id='word_1_108' title='bbox 825 1503 1131 1559; x_wconf 81' lang='lat' dir='ltr'>scirismaiico-lrmretica.</span> 
     </span>
     <span class='ocr_line' id='line_1_14' title="bbox 230 1586 1176 1656; baseline 0.003 -16"><span class='ocrx_word' id='word_1_109' title='bbox 230 1589 276 1640; x_wconf 87' lang='lat' dir='ltr'>Ad</span> <span class='ocrx_word' id='word_1_110' title='bbox 291 1588 405 1640; x_wconf 76' lang='lat' dir='ltr'>Schisma</span> <span class='ocrx_word' id='word_1_111' title='bbox 423 1586 522 1639; x_wconf 65' lang='lat' dir='ltr'>recedens</span> <span class='ocrx_word' id='word_1_112' title='bbox 533 1626 607 1638; x_wconf 91' lang='grc'><strong>.....</strong></span> <span class='ocrx_word' id='word_1_113' title='bbox 625 1604 678 1655; x_wconf 81' lang='lat' dir='ltr'>qne</span> <span class='ocrx_word' id='word_1_114' title='bbox 696 1589 730 1637; x_wconf 90' lang='lat' dir='ltr'>sic</span> <span class='ocrx_word' id='word_1_115' title='bbox 747 1596 909 1656; x_wconf 87' lang='lat' dir='ltr'>comparatur,</span> <span class='ocrx_word' id='word_1_116' title='bbox 922 1596 951 1638; x_wconf 90' lang='lat' dir='ltr'>ut</span> <span class='ocrx_word' id='word_1_117' title='bbox 962 1590 1067 1642; x_wconf 81' lang='lat' dir='ltr'>schisma</span> <span class='ocrx_word' id='word_1_118' title='bbox 1078 1609 1124 1653; x_wconf 79' lang='lat' dir='ltr'>scu</span> <span class='ocrx_word' id='word_1_119' title='bbox 1135 1609 1176 1644; x_wconf 84' lang='lat' dir='ltr'>ex·</span> 
     </span>
     <span class='ocr_line' id='line_1_15' title="bbox 175 1671 1158 1742; baseline 0 -18"><span class='ocrx_word' id='word_1_120' title='bbox 175 1678 264 1724; x_wconf 70' lang='lat' dir='ltr'>&#39;citare</span> <span class='ocrx_word' id='word_1_121' title='bbox 281 1693 326 1726; x_wconf 83' lang='lat' dir='ltr'>scu</span> <span class='ocrx_word' id='word_1_122' title='bbox 344 1674 427 1726; x_wconf 83' lang='lat' dir='ltr'>fovere</span> <span class='ocrx_word' id='word_1_123' title='bbox 443 1673 532 1738; x_wconf 84' lang='lat' dir='ltr'>valeat,</span> <span class='ocrx_word' id='word_1_124' title='bbox 549 1671 721 1742; x_wconf 80' lang='lat' dir='ltr'>qualicumque</span> <span class='ocrx_word' id='word_1_125' title='bbox 738 1673 790 1721; x_wconf 89' lang='lat' dir='ltr'>sive</span> <span class='ocrx_word' id='word_1_126' title='bbox 807 1672 888 1722; x_wconf 90' lang='lat' dir='ltr'>medio</span> <span class='ocrx_word' id='word_1_127' title='bbox 905 1675 957 1723; x_wconf 83' lang='lat' dir='ltr'>sive</span> <span class='ocrx_word' id='word_1_128' title='bbox 977 1682 1101 1741; x_wconf 72' lang='lat' dir='ltr'>pretextu.</span> <span class='ocrx_word' id='word_1_129' title='bbox 1156 1682 1158 1689; x_wconf 90' lang='grc'><strong>’</strong></span> 
     </span>
     <span class='ocr_line' id='line_1_16' title="bbox 175 1754 1178 1824; baseline 0 -17"><span class='ocrx_word' id='word_1_130' title='bbox 175 1788 177 1792; x_wconf 64' lang='grc'><em>»</em></span> <span class='ocrx_word' id='word_1_131' title='bbox 230 1755 353 1808; x_wconf 81' lang='lat' dir='ltr'>Seditiosa</span> <span class='ocrx_word' id='word_1_132' title='bbox 363 1794 436 1808; x_wconf 86' lang='grc'><strong>.....</strong></span> <span class='ocrx_word' id='word_1_133' title='bbox 455 1759 539 1808; x_wconf 80' lang='lat' dir='ltr'>Accito</span> <span class='ocrx_word' id='word_1_134' title='bbox 556 1755 702 1807; x_wconf 75' lang='lat' dir='ltr'>seditionem</span> <span class='ocrx_word' id='word_1_135' title='bbox 719 1757 783 1805; x_wconf 86' lang='lat' dir='ltr'>inter</span> <span class='ocrx_word' id='word_1_136' title='bbox 808 1762 835 1804; x_wconf 89' lang='lat' dir='ltr'>et</span> <span class='ocrx_word' id='word_1_137' title='bbox 857 1754 961 1807; x_wconf 78' lang='lat' dir='ltr'>scirisma</span> <span class='ocrx_word' id='word_1_138' title='bbox 984 1755 1075 1824; x_wconf 77' lang='lat' dir='ltr'>duplici</span> <span class='ocrx_word' id='word_1_139' title='bbox 1098 1773 1129 1815; x_wconf 66' lang='lat' dir='ltr'>eu</span> <span class='ocrx_word' id='word_1_140' title='bbox 1146 1758 1178 1807; x_wconf 83' lang='lat' dir='ltr'>D.</span> 
     </span>
     <span class='ocr_line' id='line_1_17' title="bbox 189 1829 1180 1909; baseline -0.005 -15"><span class='ocrx_word' id='word_1_141' title='bbox 189 1843 290 1894; x_wconf 87' lang='lat' dir='ltr'>Tiroma</span> <span class='ocrx_word' id='word_1_142' title='bbox 307 1845 460 1907; x_wconf 81' lang='lat' dir='ltr'>discrimine,</span> <span class='ocrx_word' id='word_1_143' title='bbox 477 1843 592 1892; x_wconf 81' lang='lat' dir='ltr'>seditiosa</span> <span class='ocrx_word' id='word_1_144' title='bbox 609 1857 637 1891; x_wconf 85' lang='lat' dir='ltr'>ca</span> <span class='ocrx_word' id='word_1_145' title='bbox 655 1842 752 1904; x_wconf 86' lang='lat' dir='ltr'>dicitur,</span> <span class='ocrx_word' id='word_1_146' title='bbox 770 1856 824 1909; x_wconf 70' lang='lat' dir='ltr'>qum</span> <span class='ocrx_word' id='word_1_147' title='bbox 840 1840 957 1891; x_wconf 82' lang='lat' dir='ltr'>adversus</span> <span class='ocrx_word' id='word_1_148' title='bbox 968 1839 1108 1905; x_wconf 81' lang='lat' dir='ltr'>saeculamru</span> <span class='ocrx_word' id='word_1_149' title='bbox 1127 1829 1180 1908; x_wconf 69' lang='lat' dir='ltr'>pq}-</span> 
     </span>
     <span class='ocr_line' id='line_1_18' title="bbox 188 1924 1179 1996; baseline 0.001 -20"><span class='ocrx_word' id='word_1_150' title='bbox 188 1933 265 1977; x_wconf 83' lang='lat' dir='ltr'>tatem</span> <span class='ocrx_word' id='word_1_151' title='bbox 268 1943 393 1996; x_wconf 79' lang='lat' dir='ltr'>pugnans</span> <span class='ocrx_word' id='word_1_152' title='bbox 410 1944 440 1977; x_wconf 92' lang='lat' dir='ltr'>eo</span> <span class='ocrx_word' id='word_1_153' title='bbox 457 1930 543 1993; x_wconf 85' lang='lat' dir='ltr'>vergit,</span> <span class='ocrx_word' id='word_1_154' title='bbox 561 1933 590 1975; x_wconf 92' lang='lat' dir='ltr'>ut</span> <span class='ocrx_word' id='word_1_155' title='bbox 606 1926 732 1975; x_wconf 81' lang='lat' dir='ltr'>seditionis</span> <span class='ocrx_word' id='word_1_156' title='bbox 750 1924 828 1974; x_wconf 83' lang='lat' dir='ltr'>lacem</span> <span class='ocrx_word' id='word_1_157' title='bbox 845 1924 963 1974; x_wconf 82' lang='lat' dir='ltr'>accendat</span> <span class='ocrx_word' id='word_1_158' title='bbox 975 1933 1019 1975; x_wconf 85' lang='lat' dir='ltr'>aut</span> <span class='ocrx_word' id='word_1_159' title='bbox 1035 1924 1179 1987; x_wconf 75' lang='lat' dir='ltr'>inobedien</span> 
     </span>
     <span class='ocr_line' id='line_1_19' title="bbox 187 2005 1179 2099; baseline -0.003 -40"><span class='ocrx_word' id='word_1_160' title='bbox 187 2014 248 2060; x_wconf 84' lang='lat' dir='ltr'>tiam</span> <span class='ocrx_word' id='word_1_161' title='bbox 266 2014 346 2077; x_wconf 80' lang='lat' dir='ltr'>gignat</span> <span class='ocrx_word' id='word_1_162' title='bbox 363 2012 478 2061; x_wconf 85' lang='lat' dir='ltr'>adversus</span> <span class='ocrx_word' id='word_1_163' title='bbox 496 2016 631 2079; x_wconf 80' lang='lat' dir='ltr'>potestates</span> <span class='ocrx_word' id='word_1_164' title='bbox 649 2006 784 2059; x_wconf 76' lang='lat' dir='ltr'>saeculares</span> <span class='ocrx_word' id='word_1_165' title='bbox 801 2005 838 2057; x_wconf 82' lang='lat' dir='ltr'>lta</span> <span class='ocrx_word' id='word_1_166' title='bbox 856 2006 991 2058; x_wconf 75' lang='lat' dir='ltr'>cardinales</span> <span class='ocrx_word' id='word_1_167' title='bbox 1009 2008 1063 2058; x_wconf 87' lang='lat' dir='ltr'>Dc</span> <span class='ocrx_word' id='word_1_168' title='bbox 1048 2009 1140 2099; x_wconf 70' lang='lat' dir='ltr'>qup</span> <span class='ocrx_word' id='word_1_169' title='bbox 1154 2015 1179 2091; x_wconf 60' lang='lat' dir='ltr'>pq</span> 
     </span>
     <span class='ocr_line' id='line_1_20' title="bbox 190 2092 504 2143; baseline 0 -1"><span class='ocrx_word' id='word_1_170' title='bbox 190 2092 251 2142; x_wconf 83' lang='lat' dir='ltr'>De·</span> <span class='ocrx_word' id='word_1_171' title='bbox 257 2095 352 2143; x_wconf 78' lang='lat' dir='ltr'>Laurea</span> <span class='ocrx_word' id='word_1_172' title='bbox 368 2110 425 2143; x_wconf 89' lang='lat' dir='ltr'>cum</span> <span class='ocrx_word' id='word_1_173' title='bbox 443 2092 504 2143; x_wconf 86' lang='lat' dir='ltr'>aliis.</span> 
     </span>
     <span class='ocr_line' id='line_1_21' title="bbox 232 2177 1180 2251; baseline 0.005 -23"><span class='ocrx_word' id='word_1_174' title='bbox 232 2179 361 2247; x_wconf 78' lang='lat' dir='ltr'>injuriosa</span> <span class='ocrx_word' id='word_1_175' title='bbox 372 2217 446 2231; x_wconf 90' lang='grc'><strong>.....</strong></span> <span class='ocrx_word' id='word_1_176' title='bbox 464 2181 627 2231; x_wconf 85' lang='lat' dir='ltr'>reverentiam</span> <span class='ocrx_word' id='word_1_177' title='bbox 644 2177 741 2230; x_wconf 84' lang='lat' dir='ltr'>subruit</span> <span class='ocrx_word' id='word_1_178' title='bbox 758 2187 802 2231; x_wconf 80' lang='lat' dir='ltr'>aut</span> <span class='ocrx_word' id='word_1_179' title='bbox 817 2179 897 2242; x_wconf 77' lang='lat' dir='ltr'>tedii,</span> <span class='ocrx_word' id='word_1_180' title='bbox 905 2181 1010 2251; x_wconf 73' lang='lat' dir='ltr'>cupiam</span> <span class='ocrx_word' id='word_1_181' title='bbox 1027 2196 1073 2245; x_wconf 69' lang='lat' dir='ltr'>seu</span> <span class='ocrx_word' id='word_1_182' title='bbox 1084 2182 1120 2247; x_wconf 73' lang='lat' dir='ltr'>pri</span> <span class='ocrx_word' id='word_1_183' title='bbox 1136 2197 1180 2251; x_wconf 75' lang='lat' dir='ltr'>seu</span> 
     </span>
     <span class='ocr_line' id='line_1_22' title="bbox 193 2267 1084 2341; baseline 0.003 -24"><span class='ocrx_word' id='word_1_184' title='bbox 193 2283 304 2334; x_wconf 79' lang='lat' dir='ltr'>persuum</span> <span class='ocrx_word' id='word_1_185' title='bbox 322 2267 439 2319; x_wconf 79' lang='lat' dir='ltr'>debitum.</span> <span class='ocrx_word' id='word_1_186' title='bbox 1081 2335 1084 2341; x_wconf 21' lang='grc' dir='ltr'><em>ι</em></span> 
     </span>
     <span class='ocr_line' id='line_1_23' title="bbox 230 2353 1181 2433; baseline 0.003 -27"><span class='ocrx_word' id='word_1_187' title='bbox 230 2353 384 2406; x_wconf 67' lang='lat' dir='ltr'>&amp;andalma</span> <span class='ocrx_word' id='word_1_188' title='bbox 394 2394 469 2407; x_wconf 89' lang='grc'><strong>.....</strong></span> <span class='ocrx_word' id='word_1_189' title='bbox 487 2359 639 2409; x_wconf 81' lang='lat' dir='ltr'>occasionem</span> <span class='ocrx_word' id='word_1_190' title='bbox 651 2372 705 2424; x_wconf 80' lang='lat' dir='ltr'>qun</span> <span class='ocrx_word' id='word_1_191' title='bbox 717 2354 828 2424; x_wconf 85' lang='lat' dir='ltr'>praebens</span> <span class='ocrx_word' id='word_1_192' title='bbox 840 2357 916 2405; x_wconf 75' lang='lat' dir='ltr'>ruine</span> <span class='ocrx_word' id='word_1_193' title='bbox 928 2355 1068 2424; x_wconf 72' lang='lat' dir='ltr'>spiritualis,</span> <span class='ocrx_word' id='word_1_194' title='bbox 1080 2358 1111 2428; x_wconf 84' lang='lat' dir='ltr'>ad</span> <span class='ocrx_word' id='word_1_195' title='bbox 1124 2373 1181 2433; x_wconf 80' lang='lat' dir='ltr'>pec-</span> 
     </span>
     <span class='ocr_line' id='line_1_24' title="bbox 179 2425 1181 2535; baseline 0.004 -44"><span class='ocrx_word' id='word_1_196' title='bbox 179 2444 287 2492; x_wconf 82' lang='lat' dir='ltr'>candum</span> <span class='ocrx_word' id='word_1_197' title='bbox 304 2442 344 2492; x_wconf 88' lang='lat' dir='ltr'>vei</span> <span class='ocrx_word' id='word_1_198' title='bbox 360 2443 392 2492; x_wconf 82' lang='lat' dir='ltr'>ad</span> <span class='ocrx_word' id='word_1_199' title='bbox 408 2443 573 2494; x_wconf 89' lang='lat' dir='ltr'>recedendum</span> <span class='ocrx_word' id='word_1_200' title='bbox 589 2441 621 2492; x_wconf 84' lang='lat' dir='ltr'>ab</span> <span class='ocrx_word' id='word_1_201' title='bbox 639 2443 755 2492; x_wconf 77' lang='lat' dir='ltr'>exercitio</span> <span class='ocrx_word' id='word_1_202' title='bbox 773 2445 894 2494; x_wconf 82' lang='lat' dir='ltr'>virtutum</span> <span class='ocrx_word' id='word_1_203' title='bbox 910 2443 1027 2503; x_wconf 75' lang='lat' dir='ltr'>inducere</span> <span class='ocrx_word' id='word_1_204' title='bbox 1040 2425 1113 2520; x_wconf 72' lang='lat' dir='ltr'>velet,</span> <span class='ocrx_word' id='word_1_205' title='bbox 1125 2459 1181 2535; x_wconf 71' lang='lat' dir='ltr'>apo·</span> 
     </span>
     <span class='ocr_line' id='line_1_25' title="bbox 182 2529 469 2578; baseline 0.007 -3"><span class='ocrx_word' id='word_1_206' title='bbox 182 2535 234 2576; x_wconf 88' lang='lat' dir='ltr'>met</span> <span class='ocrx_word' id='word_1_207' title='bbox 251 2529 383 2577; x_wconf 86' lang='lat' dir='ltr'>intrinseco</span> <span class='ocrx_word' id='word_1_208' title='bbox 401 2530 469 2578; x_wconf 89' lang='lat' dir='ltr'>vitio.</span> 
     </span>
     <span class='ocr_line' id='line_1_26' title="bbox 231 2610 1182 2686; baseline 0.001 -22"><span class='ocrx_word' id='word_1_209' title='bbox 231 2613 301 2664; x_wconf 81' lang='lat' dir='ltr'>Male</span> <span class='ocrx_word' id='word_1_210' title='bbox 313 2630 401 2670; x_wconf 78' lang='lat' dir='ltr'>suanus</span> <span class='ocrx_word' id='word_1_211' title='bbox 408 2650 465 2663; x_wconf 91' lang='grc'><strong>.....</strong></span> <span class='ocrx_word' id='word_1_212' title='bbox 477 2629 566 2664; x_wconf 86' lang='lat' dir='ltr'>sanum</span> <span class='ocrx_word' id='word_1_213' title='bbox 577 2611 635 2664; x_wconf 91' lang='lat' dir='ltr'>licet</span> <span class='ocrx_word' id='word_1_214' title='bbox 646 2610 723 2672; x_wconf 80' lang='lat' dir='ltr'>unum</span> <span class='ocrx_word' id='word_1_215' title='bbox 734 2614 868 2681; x_wconf 81' lang='lat' dir='ltr'>suscipiens</span> <span class='ocrx_word' id='word_1_216' title='bbox 879 2627 990 2675; x_wconf 84' lang='lat' dir='ltr'>sensum,</span> <span class='ocrx_word' id='word_1_217' title='bbox 1008 2629 1112 2680; x_wconf 76' lang='lat' dir='ltr'>pmvnnr</span> <span class='ocrx_word' id='word_1_218' title='bbox 1124 2614 1182 2686; x_wconf 81' lang='lat' dir='ltr'>alie-</span> 
     </span>
     <span class='ocr_line' id='line_1_27' title="bbox 189 2697 1181 2764; baseline 0.003 -17"><span class='ocrx_word' id='word_1_219' title='bbox 189 2713 245 2747; x_wconf 87' lang='lat' dir='ltr'>rum</span> <span class='ocrx_word' id='word_1_220' title='bbox 261 2697 364 2747; x_wconf 84' lang='lat' dir='ltr'>involvit</span> <span class='ocrx_word' id='word_1_221' title='bbox 380 2698 556 2760; x_wconf 86' lang='lat' dir='ltr'>dominantem,</span> <span class='ocrx_word' id='word_1_222' title='bbox 573 2713 602 2746; x_wconf 87' lang='lat' dir='ltr'>ea</span> <span class='ocrx_word' id='word_1_223' title='bbox 618 2705 701 2746; x_wconf 82' lang='lat' dir='ltr'>tumen</span> <span class='ocrx_word' id='word_1_224' title='bbox 718 2699 846 2764; x_wconf 80' lang='lat' dir='ltr'>pravitate,</span> <span class='ocrx_word' id='word_1_225' title='bbox 864 2714 918 2764; x_wconf 74' lang='lat' dir='ltr'>que</span> <span class='ocrx_word' id='word_1_226' title='bbox 935 2700 967 2747; x_wconf 90' lang='lat' dir='ltr'>sit</span> <span class='ocrx_word' id='word_1_227' title='bbox 983 2697 1045 2747; x_wconf 81' lang='lat' dir='ltr'>inire</span> <span class='ocrx_word' id='word_1_228' title='bbox 1062 2697 1181 2764; x_wconf 74' lang='lat' dir='ltr'>heresim.</span> 
     </span>
     <span class='ocr_line' id='line_1_28' title="bbox 232 2766 1181 2850; baseline 0.005 -20"><span class='ocrx_word' id='word_1_229' title='bbox 232 2780 336 2830; x_wconf 76' lang='lat' dir='ltr'>Piorum</span> <span class='ocrx_word' id='word_1_230' title='bbox 353 2781 453 2831; x_wconf 75' lang='lat' dir='ltr'>curium</span> <span class='ocrx_word' id='word_1_231' title='bbox 469 2779 591 2846; x_wconf 63' lang='lat' dir='ltr'>ostensiva</span> <span class='ocrx_word' id='word_1_232' title='bbox 600 2817 675 2832; x_wconf 91' lang='grc'><strong>.....</strong></span> <span class='ocrx_word' id='word_1_233' title='bbox 692 2783 792 2849; x_wconf 89' lang='lat' dir='ltr'>proprio</span> <span class='ocrx_word' id='word_1_234' title='bbox 807 2780 910 2850; x_wconf 77' lang='lat' dir='ltr'>pietatis</span> <span class='ocrx_word' id='word_1_235' title='bbox 921 2780 1018 2850; x_wconf 89' lang='lat' dir='ltr'>eloquio</span> <span class='ocrx_word' id='word_1_236' title='bbox 1032 2766 1181 2839; x_wconf 67' lang='lat' dir='ltr'>cinensibus</span> 
     </span>
     <span class='ocr_line' id='line_1_29' title="bbox 173 2861 1181 2936; baseline 0.007 -24"><span class='ocrx_word' id='word_1_237' title='bbox 173 2890 175 2893; x_wconf 95' lang='lat'>·</span> <span class='ocrx_word' id='word_1_238' title='bbox 189 2870 230 2912; x_wconf 87' lang='lat' dir='ltr'>est</span> <span class='ocrx_word' id='word_1_239' title='bbox 246 2867 366 2932; x_wconf 79' lang='lat' dir='ltr'>opposita,</span> <span class='ocrx_word' id='word_1_240' title='bbox 385 2881 429 2933; x_wconf 87' lang='lat' dir='ltr'>per</span> <span class='ocrx_word' id='word_1_241' title='bbox 445 2866 571 2933; x_wconf 82' lang='lat' dir='ltr'>quidpiam</span> <span class='ocrx_word' id='word_1_242' title='bbox 582 2863 675 2914; x_wconf 88' lang='lat' dir='ltr'>scilicet</span> <span class='ocrx_word' id='word_1_243' title='bbox 690 2863 818 2930; x_wconf 87' lang='lat' dir='ltr'>indignum</span> <span class='ocrx_word' id='word_1_244' title='bbox 830 2872 873 2914; x_wconf 82' lang='lat' dir='ltr'>aut</span> <span class='ocrx_word' id='word_1_245' title='bbox 884 2861 1010 2928; x_wconf 82' lang='lat' dir='ltr'>indecens,</span> <span class='ocrx_word' id='word_1_246' title='bbox 1022 2869 1090 2936; x_wconf 89' lang='lat' dir='ltr'>quod</span> <span class='ocrx_word' id='word_1_247' title='bbox 1101 2871 1127 2919; x_wconf 88' lang='lat' dir='ltr'>in</span> <span class='ocrx_word' id='word_1_248' title='bbox 1144 2886 1181 2928; x_wconf 78' lang='lat' dir='ltr'>re·</span> 
     </span>
     <span class='ocr_line' id='line_1_30' title="bbox 190 2946 1181 3030; baseline 0.001 -32"><span class='ocrx_word' id='word_1_249' title='bbox 190 2946 305 3014; x_wconf 81' lang='lat' dir='ltr'>ligionem</span> <span class='ocrx_word' id='word_1_250' title='bbox 322 2951 447 3017; x_wconf 81' lang='lat' dir='ltr'>impingat.</span> <span class='ocrx_word' id='word_1_251' title='bbox 465 2950 537 2999; x_wconf 87' lang='lat' dir='ltr'>Binas</span> <span class='ocrx_word' id='word_1_252' title='bbox 555 2947 629 2999; x_wconf 80' lang='lat' dir='ltr'>lusce</span> <span class='ocrx_word' id='word_1_253' title='bbox 645 2955 717 2998; x_wconf 85' lang='lat' dir='ltr'>notos</span> <span class='ocrx_word' id='word_1_254' title='bbox 735 2946 775 2997; x_wconf 91' lang='lat' dir='ltr'>alii</span> <span class='ocrx_word' id='word_1_255' title='bbox 785 2949 924 3015; x_wconf 87' lang='lat' dir='ltr'>promiscue</span> <span class='ocrx_word' id='word_1_256' title='bbox 941 2950 1071 3016; x_wconf 79' lang='lat' dir='ltr'>accipiunt3</span> <span class='ocrx_word' id='word_1_257' title='bbox 1089 2949 1128 3027; x_wconf 75' lang='lat' dir='ltr'>alii</span> <span class='ocrx_word' id='word_1_258' title='bbox 1140 2968 1181 3030; x_wconf 69' lang='lat' dir='ltr'>pc-</span> 
     </span>
     <span class='ocr_line' id='line_1_31' title="bbox 190 3032 1181 3105; baseline 0.003 -23"><span class='ocrx_word' id='word_1_259' title='bbox 190 3049 219 3083; x_wconf 90' lang='lat' dir='ltr'>ro</span> <span class='ocrx_word' id='word_1_260' title='bbox 236 3049 315 3099; x_wconf 87' lang='lat' dir='ltr'>secus,</span> <span class='ocrx_word' id='word_1_261' title='bbox 332 3051 393 3103; x_wconf 91' lang='lat' dir='ltr'>quos</span> <span class='ocrx_word' id='word_1_262' title='bbox 409 3038 474 3086; x_wconf 86' lang='lat' dir='ltr'>inter</span> <span class='ocrx_word' id='word_1_263' title='bbox 490 3037 565 3085; x_wconf 85' lang='lat' dir='ltr'>etiam</span> <span class='ocrx_word' id='word_1_264' title='bbox 577 3033 696 3084; x_wconf 82' lang='lat' dir='ltr'>&#39;nonnulii</span> <span class='ocrx_word' id='word_1_265' title='bbox 713 3032 854 3094; x_wconf 78' lang='lat' dir='ltr'>definiendo</span> <span class='ocrx_word' id='word_1_266' title='bbox 870 3034 1068 3092; x_wconf 79' lang='lat' dir='ltr'>scinduntuc.-</span> <span class='ocrx_word' id='word_1_267' title='bbox 1079 3034 1181 3105; x_wconf 75' lang='lat' dir='ltr'>interim</span> 
     </span>
     <span class='ocr_line' id='line_1_32' title="bbox 190 3113 1182 3187; baseline 0.005 -22"><span class='ocrx_word' id='word_1_268' title='bbox 190 3115 321 3181; x_wconf 86' lang='lat' dir='ltr'>advertito,</span> <span class='ocrx_word' id='word_1_269' title='bbox 338 3123 440 3185; x_wconf 88' lang='lat' dir='ltr'>utraque</span> <span class='ocrx_word' id='word_1_270' title='bbox 452 3119 619 3186; x_wconf 86' lang='lat' dir='ltr'>propositione</span> <span class='ocrx_word' id='word_1_271' title='bbox 631 3121 779 3169; x_wconf 87' lang='lat' dir='ltr'>vitiosiorem</span> <span class='ocrx_word' id='word_1_272' title='bbox 792 3133 845 3169; x_wconf 88' lang='lat' dir='ltr'>esse</span> <span class='ocrx_word' id='word_1_273' title='bbox 857 3117 979 3187; x_wconf 88' lang='lat' dir='ltr'>duplicem</span> <span class='ocrx_word' id='word_1_274' title='bbox 992 3117 1102 3186; x_wconf 78' lang='lat' dir='ltr'>alteram,</span> <span class='ocrx_word' id='word_1_275' title='bbox 1112 3113 1182 3186; x_wconf 69' lang='lat' dir='ltr'>ideal</span> 
     </span>
     <span class='ocr_line' id='line_1_33' title="bbox 189 3194 1181 3271; baseline 0.009 -27"><span class='ocrx_word' id='word_1_276' title='bbox 189 3194 360 3265; x_wconf 75' lang='lat' dir='ltr'>blasphemam</span> <span class='ocrx_word' id='word_1_277' title='bbox 375 3211 400 3248; x_wconf 81' lang='lat' dir='ltr'>ec</span> <span class='ocrx_word' id='word_1_278' title='bbox 416 3200 530 3269; x_wconf 84' lang='lat' dir='ltr'>impiam:</span> <span class='ocrx_word' id='word_1_279' title='bbox 548 3200 614 3251; x_wconf 84' lang='lat' dir='ltr'>iilam</span> <span class='ocrx_word' id='word_1_280' title='bbox 632 3200 750 3269; x_wconf 87' lang='lat' dir='ltr'>prolecto,</span> <span class='ocrx_word' id='word_1_281' title='bbox 767 3209 889 3270; x_wconf 85' lang='lat' dir='ltr'>quatenus</span> <span class='ocrx_word' id='word_1_282' title='bbox 906 3201 1063 3271; x_wconf 72' lang='lat' dir='ltr'>blasphemie</span> <span class='ocrx_word' id='word_1_283' title='bbox 1083 3218 1181 3253; x_wconf 83' lang='lat' dir='ltr'>veneno</span> 
     </span>
     <span class='ocr_line' id='line_1_34' title="bbox 191 3285 1183 3360; baseline 0.006 -27"><span class='ocrx_word' id='word_1_284' title='bbox 191 3298 248 3355; x_wconf 83' lang='lat' dir='ltr'>sese</span> <span class='ocrx_word' id='word_1_285' title='bbox 263 3286 346 3353; x_wconf 90' lang='lat' dir='ltr'>prodit</span> <span class='ocrx_word' id='word_1_286' title='bbox 361 3285 485 3352; x_wconf 75' lang='lat' dir='ltr'>iniectam5</span> <span class='ocrx_word' id='word_1_287' title='bbox 501 3291 573 3338; x_wconf 82' lang='lat' dir='ltr'>istam</span> <span class='ocrx_word' id='word_1_288' title='bbox 591 3304 664 3351; x_wconf 85' lang='lat' dir='ltr'>vero,</span> <span class='ocrx_word' id='word_1_289' title='bbox 682 3295 805 3357; x_wconf 80' lang='lat' dir='ltr'>quatenus</span> <span class='ocrx_word' id='word_1_290' title='bbox 821 3286 934 3341; x_wconf 83' lang='lat' dir='ltr'>debitum</span> <span class='ocrx_word' id='word_1_291' title='bbox 950 3285 1005 3349; x_wconf 78' lang='lat' dir='ltr'>Deo</span> <span class='ocrx_word' id='word_1_292' title='bbox 1022 3285 1129 3350; x_wconf 80' lang='lat' dir='ltr'>cultum</span> <span class='ocrx_word' id='word_1_293' title='bbox 1131 3286 1183 3360; x_wconf 69' lang='lat' dir='ltr'>da-</span> 
     </span>
     <span class='ocr_line' id='line_1_35' title="bbox 193 3371 1183 3442; baseline 0.001 -21"><span class='ocrx_word' id='word_1_294' title='bbox 193 3375 300 3439; x_wconf 78' lang='lat' dir='ltr'>pretini,</span> <span class='ocrx_word' id='word_1_295' title='bbox 317 3377 399 3442; x_wconf 91' lang='lat' dir='ltr'>inquit</span> <span class='ocrx_word' id='word_1_296' title='bbox 414 3377 565 3425; x_wconf 87' lang='lat' dir='ltr'>eminentiss.</span> <span class='ocrx_word' id='word_1_297' title='bbox 577 3374 746 3438; x_wconf 86' lang='lat' dir='ltr'>De-Laurea‚</span> <span class='ocrx_word' id='word_1_298' title='bbox 757 3373 878 3435; x_wconf 67' lang='lat' dir='ltr'>honorem</span> <span class='ocrx_word' id='word_1_299' title='bbox 896 3389 928 3432; x_wconf 77' lang='lat' dir='ltr'>ue</span> <span class='ocrx_word' id='word_1_300' title='bbox 945 3371 1088 3442; x_wconf 84' lang='lat' dir='ltr'>parentibus</span> <span class='ocrx_word' id='word_1_301' title='bbox 1108 3380 1183 3442; x_wconf 76' lang='lat' dir='ltr'>atque</span> 
     </span>
     <span class='ocr_line' id='line_1_36' title="bbox 193 3390 1183 3531; baseline -0.005 -21"><span class='ocrx_word' id='word_1_302' title='bbox 193 3457 338 3526; x_wconf 87' lang='lat' dir='ltr'>Majoribus,</span> <span class='ocrx_word' id='word_1_303' title='bbox 350 3459 519 3531; x_wconf 83' lang='lat' dir='ltr'>superioribus</span> <span class='ocrx_word' id='word_1_304' title='bbox 536 3458 690 3528; x_wconf 84' lang='lat' dir='ltr'>obsequium,</span> <span class='ocrx_word' id='word_1_305' title='bbox 702 3390 1086 3526; x_wconf 53' lang='lat' dir='ltr'>wtitudinem‘ireneiucioribus</span> <span class='ocrx_word' id='word_1_306' title='bbox 1103 3454 1183 3529; x_wconf 79' lang='lat' dir='ltr'>aulert</span> 
     </span>
     <span class='ocr_line' id='line_1_37' title="bbox 192 3541 828 3610; baseline 0 -20"><span class='ocrx_word' id='word_1_307' title='bbox 192 3541 246 3592; x_wconf 84' lang='lat' dir='ltr'>sive</span> <span class='ocrx_word' id='word_1_308' title='bbox 263 3543 353 3590; x_wconf 89' lang='lat' dir='ltr'>minuit</span> <span class='ocrx_word' id='word_1_309' title='bbox 367 3544 487 3592; x_wconf 80' lang='lat' dir='ltr'>suamet</span> <span class='ocrx_word' id='word_1_310' title='bbox 480 3545 555 3610; x_wconf 79' lang='lat' dir='ltr'>impia</span> <span class='ocrx_word' id='word_1_311' title='bbox 572 3558 602 3591; x_wconf 92' lang='lat' dir='ltr'>eo</span> <span class='ocrx_word' id='word_1_312' title='bbox 619 3557 693 3592; x_wconf 89' lang='lat' dir='ltr'>sensu</span> <span class='ocrx_word' id='word_1_313' title='bbox 710 3543 828 3594; x_wconf 76' lang='lat' dir='ltr'>doctrine.</span> 
     </span>
    </p>
   </div>
   <div class='ocr_carea' id='block_1_2' title="bbox 170 3621 1184 3778">
    <p class='ocr_par' dir='ltr' id='par_1_2' title="bbox 195 3621 1184 3776">
     <span class='ocr_line' id='line_1_38' title="bbox 237 3621 1183 3696; baseline -0.005 -17"><span class='ocrx_word' id='word_1_314' title='bbox 237 3655 271 3664; x_wconf 85' lang='lat'>-</span> <span class='ocrx_word' id='word_1_315' title='bbox 288 3626 410 3678; x_wconf 67' lang='lat' dir='ltr'>ceterum</span> <span class='ocrx_word' id='word_1_316' title='bbox 427 3630 481 3696; x_wconf 87' lang='lat' dir='ltr'>quis</span> <span class='ocrx_word' id='word_1_317' title='bbox 493 3634 571 3694; x_wconf 86' lang='lat' dir='ltr'>optet,</span> <span class='ocrx_word' id='word_1_318' title='bbox 588 3628 715 3690; x_wconf 81' lang='lat' dir='ltr'>iuvenes,</span> <span class='ocrx_word' id='word_1_319' title='bbox 732 3632 761 3675; x_wconf 89' lang='lat' dir='ltr'>ut</span> <span class='ocrx_word' id='word_1_320' title='bbox 778 3641 823 3675; x_wconf 85' lang='lat' dir='ltr'>vus</span> <span class='ocrx_word' id='word_1_321' title='bbox 840 3624 895 3675; x_wconf 87' lang='lat' dir='ltr'>heic</span> <span class='ocrx_word' id='word_1_322' title='bbox 911 3621 1045 3674; x_wconf 88' lang='lat' dir='ltr'>difficilium</span> <span class='ocrx_word' id='word_1_323' title='bbox 1060 3623 1183 3674; x_wconf 79' lang='lat' dir='ltr'>doctrina</span> 
     </span>
     <span class='ocr_line' id='line_1_39' title="bbox 170 3703 1184 3778; baseline -0.007 -19.823"><span class='ocrx_word' id='word_1_324' title='bbox 170 3726 260 3778; x_wconf 87' lang='lat' dir='ltr'>rum,</span> <span class='ocrx_word' id='word_1_325' title='bbox 272 3710 342 3776; x_wconf 83' lang='lat' dir='ltr'>Cani,</span> <span class='ocrx_word' id='word_1_326' title='bbox 355 3709 481 3776; x_wconf 78' lang='lat' dir='ltr'>Sylvcstri,</span> <span class='ocrx_word' id='word_1_327' title='bbox 494 3711 638 3773; x_wconf 85' lang='lat' dir='ltr'>Gersonis,&#39;</span> <span class='ocrx_word' id='word_1_328' title='bbox 631 3711 756 3776; x_wconf 81' lang='lat' dir='ltr'>ipsiusque</span> <span class='ocrx_word' id='word_1_329' title='bbox 771 3707 884 3757; x_wconf 87' lang='lat' dir='ltr'>Bossueti</span> <span class='ocrx_word' id='word_1_330' title='bbox 895 3713 921 3756; x_wconf 85' lang='lat' dir='ltr'>et</span> <span class='ocrx_word' id='word_1_331' title='bbox 931 3703 1059 3756; x_wconf 77' lang='lat' dir='ltr'>cardinalis</span> <span class='ocrx_word' id='word_1_332' title='bbox 1069 3703 1121 3762; x_wconf 82' lang='lat' dir='ltr'>de-</span> <span class='ocrx_word' id='word_1_333' title='bbox 1106 3703 1184 3769; x_wconf 76' lang='lat' dir='ltr'>-Bys-</span> 
     </span>
    </p>
   </div>
   <div class='ocr_carea' id='block_1_3' title="bbox 195 3789 1183 3955">
    <p class='ocr_par' dir='ltr' id='par_1_3' title="bbox 195 3789 1183 3955">
     <span class='ocr_line' id='line_1_40' title="bbox 195 3789 1183 3874; baseline -0.005 -26"><span class='ocrx_word' id='word_1_334' title='bbox 195 3802 226 3865; x_wconf 89' lang='lat' dir='ltr'>si,</span> <span class='ocrx_word' id='word_1_335' title='bbox 244 3800 394 3870; x_wconf 82' lang='lat' dir='ltr'>aliorumque</span> <span class='ocrx_word' id='word_1_336' title='bbox 412 3802 569 3852; x_wconf 81' lang='lat' dir='ltr'>summorum</span> <span class='ocrx_word' id='word_1_337' title='bbox 587 3807 631 3848; x_wconf 87' lang='lat' dir='ltr'>aut</span> <span class='ocrx_word' id='word_1_338' title='bbox 648 3798 692 3849; x_wconf 90' lang='lat' dir='ltr'>abs</span> <span class='ocrx_word' id='word_1_339' title='bbox 709 3815 748 3853; x_wconf 83' lang='lat' dir='ltr'>rue</span> <span class='ocrx_word' id='word_1_340' title='bbox 765 3799 916 3874; x_wconf 58' lang='lat' dir='ltr'>citatorum,</span> <span class='ocrx_word' id='word_1_341' title='bbox 928 3793 1042 3864; x_wconf 62' lang='lat' dir='ltr'>Dcdcleis</span> <span class='ocrx_word' id='word_1_342' title='bbox 1064 3791 1132 3866; x_wconf 79' lang='lat' dir='ltr'>velut</span> <span class='ocrx_word' id='word_1_343' title='bbox 1148 3789 1183 3859; x_wconf 59' lang='lat' dir='ltr'>lar</span> 
     </span>
     <span class='ocr_line' id='line_1_41' title="bbox 196 3877 843 3955; baseline 0.002 -24"><span class='ocrx_word' id='word_1_344' title='bbox 196 3880 320 3948; x_wconf 79' lang='lat' dir='ltr'>byrintlris</span> <span class='ocrx_word' id='word_1_345' title='bbox 337 3901 365 3936; x_wconf 90' lang='lat' dir='ltr'>ac</span> <span class='ocrx_word' id='word_1_346' title='bbox 382 3901 459 3953; x_wconf 84' lang='lat' dir='ltr'>prope</span> <span class='ocrx_word' id='word_1_347' title='bbox 475 3881 683 3937; x_wconf 78' lang='lat' dir='ltr'>inextricabilibus</span> <span class='ocrx_word' id='word_1_348' title='bbox 695 3877 843 3955; x_wconf 61' lang='lat' dir='ltr'>involvent?</span> 
     </span>
    </p>
   </div>
   <div class='ocr_carea' id='block_1_4' title="bbox 0 0 1378 4800">
    <p class='ocr_par' dir='ltr' id='par_1_4' title="bbox 0 0 1378 4800">
     <span class='ocr_line' id='line_1_42' title="bbox 0 0 1378 4800; baseline 0 0"><span class='ocrx_word' id='word_1_349' title='bbox 0 0 1378 4800; x_wconf 95' lang='lat' dir='ltr'> </span> 
     </span>
    </p>
   </div>
  </div>
 </body>
</html>
