2908 4962
211 487 253 532 nn
270 483 402 533 aaronis
420 485 493 532 nrr.
510 485 584 532 nar.
598 483 641 532 ac
658 457 936 537 rnornrerarnus
990 467 1063 542 tii

53 573 181 666 ‘tavit
205 597 266 644 seu
290 569 457 664 crinibus,
483 571 544 670 qui
564 569 785 666 exciderunt,
801 575 858 651 vel
880 577 1064 674 unguibus,

81 709 171 781 qnos
195 683 269 784 ipse
295 683 433 754 minuit
451 681 547 754 Alias
565 680 746 756 fatendum
764 701 866 778 esset,
884 688 1064 762 Christum

81 821 155 868 esse
182 793 263 883 alibi
289 821 395 894 quam
421 795 457 864 in
484 793 585 868 Coelo
611 811 647 868 et
671 797 943 892 Eucharistia3si
970 829 1066 876 nem·

80 927 127 1004 pe
152 903 310 976 Verbum
337 904 525 992 mansisset
546 904 685 976 unitum
710 906 804 978 hisce
834 908 1066 1006 portiunculis

80 1016 303 1115 sanguinisve
327 1012 486 1113 guttulis,
511 1041 591 1112 quae
617 1017 655 1088 iu
680 1018 782 1090 terris
807 1037 1064 1094 renranserunt:

79 1141 191 1226 prout
212 1123 328 1224 quoad
354 1124 559 1222 sanguinem
584 1141 702 1199 nostra
728 1128 806 1200 haee
831 1127 876 1198 aid
901 1128 1065 1204 eruditio·

79 1261 166 1308 uem
193 1251 229 1307 et
245 1235 422 1336 ,pietatem
448 1261 520 1307 non
546 1235 682 1334 ingrate
715 1234 907 1310 declarabit

129 1418 247 1486 Phor.
272 1417 311 1484 ΙΙ.
336 1417 481 1484 Christus
498 1429 602 1504 totum
618 1419 783 1485 moraliter
798 1419 1003 1504 sangninem,
1017 1421 1066 1486 id·

79 1532 130 1588 est
154 1521 263 1609 quoad
287 1521 456 1586 maximam
480 1531 614 1606 partem,
630 1541 648 1585 a
665 1523 800 1587 mortuis
816 1522 857 1587 ad
873 1523 973 1588 vitam
996 1543 1067 1589 sur·

80 1623 192 1710 gendo
217 1623 447 1710 reassumpsit3
470 1620 667 1708 probabilius
699 1633 828 1703 autem,
851 1624 938 1710 quod
963 1633 1068 1692 totum

80 1721 217 1814 physice
247 1745 313 1790 non
344 1726 579 1812 resumpserit,
608 1745 696 1812 quo,
726 1727 846 1792 relictis
873 1726 1066 1814 quibusdam

76 1827 232 1918 guttulis,
254 1827 397 1896 fidelium
421 1831 522 1916 pietas
545 1831 748 1910 excitaretur.

80 2062 84 2070 ,
135 1991 239 2066 Prob.
259 1994 305 2081 Ι1·
331 2018 423 2092 pars,
448 1993 502 2065 cui
527 2018 650 2066 omnes
667 1990 907 2089 suffragantur.
923 1991 1014 2080 Quia
1031 1993 1068 2064 iu

78 2127 232 2203 corpore
268 2103 398 2178 Christi
433 2103 729 2204 temperatissimo
763 2101 813 2174 nil
848 2099 1068 2176 redundabat

9 2241 10 2244 ¹
82 2214 287 2316 sanguinist·
306 2241 392 2313 ergo
418 2240 501 2288 cum
526 2215 593 2286 iste
616 2214 792 2313 pertineat
829 2211 873 2285 ad
911 2217 1067 2314 corporis

80 2321 333 2421 integritatem,
359 2339 454 2396 totus
478 2321 669 2414 moraliter,
695 2339 755 2394 aut
780 2321 923 2412 scilicet,
948 2326 1068 2421 quoni-

77 2457 139 2508 am
165 2436 484 2532 temperamentum
511 2459 583 2506 non
605 2433 768 2506 consistit
793 2434 830 2504 in
856 2429 1069 2523 indivisibili,

81 2539 195 2614 serme
221 2557 580 2644 totus‚reassumptus
606 2560 668 2614 est.
694 2544 786 2620 Hinc
817 2542 874 2620 de,
897 2539 1070 2616 totalitate

80 2649 207 2732 morali
224 2651 411 2750 loquutum
428 2652 535 2724 fuisse
552 2668 717 2752 putamus
736 2652 962 2748 Aquinatem,
980 2647 1068 2722 dum

78 2761 222 2862 scripsit
249 2761 270 2833 3
298 2780 397 2863 parte
424 2779 547 2860 quaest.
576 2765 623 2833 54
650 2789 680 2833 a.
708 2765 748 2834 2:
775 2777 869 2834 totus
895 2765 1067 2856 satagaris,

80 2876 150 2972 qui
174 2873 216 2946 de
241 2899 387 2972 corpore
416 2872 547 2946 Christi
559 2873 793 2969 ‘fluxarum
818 2872 867 2944 ad
883 2875 1062 2944 veriorem

81 2971 257 3058 humanare
283 3001 421 3058 araturae
442 2988 630 3083 pertineat,
648 2987 685 3056 in
703 3009 849 3082 corpore
869 2979 1000 3056 Christi
1018 3008 1064 3055 re·

80 3097 255 3176 surrent.

81 3283 85 3290 Ι
133 3200 308 3274 Probatur
335 3205 372 3277 2³
398 3231 433 3303 p.
469 3201 633 3276 adversus
666 3195 864 3276 Johamiem
891 3203 926 3274 S.
952 3203 1000 3274 R..
1027 3203 1068 3274 E.

83 3307 188 3380 Card.
214 3340 234 3383 a
259 3314 526 3390 Turrecremata
552 3313 707 3412 aliosque
732 3311 1007 3414 theologorum.
1031 3315 1068 3384 1⁰

83 3441 128 3488 ex
154 3418 327 3493 historicis
360 3424 601 3496 monumentis
635 3439 672 3494 et
697 3420 882 3494 traditione
909 3435 1069 3512 constat,

83 3527 252 3599 asservari
276 3529 313 3598 in
338 3533 442 3602 variis
467 3531 633 3603 Ecelesiis
650 3531 824 3630 reliquum
842 3527 970 3628 aliquid
997 3555 1069 3600 san·

83 3637 201 3730 guinis
226 3638 367 3712 Christi.
388 3642 482 3715 Talis
499 3659 553 3714 est
568 3641 645 3735 ille,
670 3670 779 3742 quem
794 3643 985 3740 Longinus,
1004 3643 1064 3738 qui
1111 3655 1112 3659 ’

86 3744 207 3821 lancea
232 3749 322 3823 latus
349 3753 422 3851 ejus
447 3754 608 3852 aperuit,
633 3779 652 3824 e
679 3754 784 3824 lutere
818 3767 1019 3824 currentem
1046 3751 1069 3818 ι’-

82 3860 183 3956 psius
208 3861 296 3934 Jesrt
323 3865 463 3962 recepit,
489 3877 522 3934 et
548 3859 709 3934 Marthae
730 3877 875 3960 propter
900 3857 1068 3950 Irostesst·
