2932 4970
140 642 279 720 Horatio
295 638 561 721 infensissimum,
586 643 682 725 spodi
703 640 769 719 111,
785 637 893 707 allium
910 635 1025 707 oderis.
1043 640 1128 720 Quid

129 745 208 810 'lraee
230 744 412 828 horumque
435 741 549 808 similia
566 741 772 828 profuerint?
787 741 1000 814 ,nisi-,otio‘et
1023 743 1127 808 otlan-

124 849 237 928 tibus,
261 864 398 934 cumque
421 845 473 912 his
496 857 529 912 et
553 865 670 912 uenere
693 857 727 932 et
749 846 838 926 vino,
854 847 922 932 ipsa
938 847 1043 914 cicuta
1067 867 1127 913 no·

138 951 349 1028 cautioribus,
372 950 540 1015 abstineas:
557 969 654 1036 quam
669 960 777 1016 tamen
791 949 897 1038 labem
912 949 970 1015 tibi
988 950 1023 1015 in
1043 970 1131 1017 mor·

128 1065 203 1120 vtorn
227 1054 348 1119 theatra
372 1051 558 1138 propinant,
582 1050 660 1120 dum
684 1051 808 1117 caelicas
832 1050 998 1137 oregiune
1021 1051 1131 1140 dapes,

137 1172 218 1240 quas
242 1152 302 1218 tibi
318 1162 356 1218 ut
370 1152 444 1216 vitre
466 1151 778 1240 immortalitatisque
794 1172 903 1220 semen
919 1152 1036 1241 tenapla
1052 1173 1129 1242 pro-

122 1267 276 1344 ·ponunt,
293 1265 325 1321 te
349 1253 493 1321 fastidire
514 1254 639 1340 jubent.
854 1261 856 1266 '

184 1358 532 1425 Stomachaberishlnc
548 1360 643 1426 etiam
661 1361 709 1425 tui
726 1359 898 1426 Raetorum
922 1361 1056 1447 spiritus
1073 1360 1129 1426 ad-

134 1463 276 1528 monita!
294 1462 412 1528 etenim
429 1472 554 1528 austera
567 1474 663 1550 atque
675 1463 808 1528 arrolesta
824 1464 910 1529 dices
924 1465 1005 1529 sacri
1022 1462 1129 1548 cujus-

122 1581 202 1648 -quc
224 1563 360 1626 rectoris
390 1562 599 1649 vivarumque
630 1562 780 1628 Ecclesia
811 1563 963 1629 tubarum
993 1561 1034 1628 ad
1063 1563 1130 1627 vir·

125 1675 223 1730 tutes
249 1665 468 1729 invitamenta.
496 1665 726 1742 Quintilianum
751 1667 852 1750 igitur
876 1666 1040 1732 ethnicum
1070 1663 1130 1730 oo·

123 1765 258 1831 ¹tendo:
281 1764 459 1851 pervelim,
483 1767 511 1830 ei
535 1765 646 1832 saltem
670 1767 874 1832 auscultes„
900 1766 993 1834 Corte
1022 1784 1128 1852 nequo

136 1865 384 1951 intelligentiam
407 1868 602 1931 concesseris
625 1869 676 1947 iis,
691 1868 802 1956 z'nquit
818 1867 889 1932 Lib.
905 1863 950 1930 lt>
968 1887 1037 1951 cop.
1060 1865 1130 1951 pri·

123 1991 206 2050 mo,
230 1970 298 2057 qui,
314 1970 479 2055 proposita
502 1969 711 2036 honestorum
727 1989 764 2035 ae
781 1971 924 2055 turpium
948 1969 1012 2047 via,
1035 1967 1127 2054 pejo-

122 2092 206 2140 rem
229 2073 320 2160 sequi
344 2071 479 2153 malunt,
503 2092 608 2160 neque
632 2073 850 2161 prudentiam
874 2091 973 2160 quum
997 2071 1032 2136 in
1056 2091 1129 2155 gra·

131 2179 280 2242 vissimas
295 2176 478 2264 frequenter
489 2178 609 2262 legum,
624 2197 749 2264 semper
765 2197 841 2243 vero
857 2177 946 2265 malae
964 2175 1129 2241 conscicn-

133 2282 202 2362 tiae,
225 2299 333 2367 poenas
350 2300 367 2345 a
383 2283 562 2368 semetipsis
586 2282 761 2369 improuiso
786 2299 895 2348 rerum
918 2281 1007 2345 exitu
1031 2276 1129 2344 indu·

134 2395 241 2451 antur.
266 2383 434 2448 Hominem
457 2383 575 2450 malum
600 2403 692 2465 esse,
715 2385 777 2450 nisi
802 2384 934 2450 stultum
966 2380 1129 2459 cundem,

133 2503 204 2550 non
227 2485 324 2549 modo
349 2477 546 2571 sapientibus
562 2479 692 2562 dicitur,
708 2483 763 2574 sed
776 2485 879 2574 vvulgo
897 2501 1027 2569 quoque
1043 2498 1127 2545 scm·

133 2604 195 2673 per
210 2596 258 2651 cst
274 2585 432 2656 creditum
444 2635 451 2650 .
464 2635 492 2655 ..
509 2585 572 2652 Nee
588 2585 696 2650 studio
713 2585 844 2672 quidem
861 2585 967 2671 operis
984 2581 1130 2669 pulcher·

133 2685 212 2750 rimi
235 2704 348 2750 vacare
371 2703 473 2762 mens,
496 2685 559 2748 uisi
575 2685 724 2750 omuibus
748 2685 835 2748 vitiis
851 2684 963 2762 libera,
977 2690 1085 2769 potest
1098 2706 1128 2745 η.

184 2786 294 2871 Pergit
322 2785 552 2871 sapientissime
584 2783 735 2850 llomauae
766 2795 947 2871 praeceptor
975 2783 1128 2868 juveutu-

98 2927 100 2934 ,
137 2892 202 2957 tis:
217 2917 237 2950 n
263 2891 356 2967 Quod
379 2891 405 2954 si
429 2909 582 2974 agrorum
604 2891 701 2954 nimiu
726 2909 813 2968 cura,
833 2899 866 2953 ct
889 2888 1060 2953 sollicitior
1080 2885 1128 2950 rei

135 2981 301 3056 familiaris
326 2989 511 3078 diligentia,
534 2999 566 3055 ct
589 2989 729 3054 venandi
753 2982 913 3076 voluptas,
927 2998 960 3053 et
975 2986 1042 3052 dati
1058 3002 1128 3070 spe·

138 3094 270 3160 ctaculis
295 3094 362 3160 dies
386 3093 524 3159 multum
548 3093 665 3159 studiis
692 3092 901 3159 auserunt...
926 3090 1007 3178 quid
1031 3099 1127 3178 puta-

134 3207 210 3263 mus
234 3196 371 3262 saeturas
395 3195 614 3281 cupiditatem,
643 3196 821 3274 avaritiam,
843 3192 1023 3258 iuvidiam?
1048 3207 1128 3276 qua·

134 3305 211 3364 rum
234 3298 509 3386 impotentissimae
534 3299 745 3384 cogitationes
761 3315 890 3384 somnos
905 3296 999 3361 ctiam
1013 3304 1047 3360 et
1070 3291 1127 3356 illa

134 3421 196 3489 per
219 3401 449 3488 qutetenvisa
472 3401 671 3487 perturbant.
695 3401 780 3467 Nihil
804 3411 853 3466 est
876 3400 961 3464 enim
985 3409 1048 3464 tam
1073 3414 1127 3460 oc·

133 3513 300 3590 cupatum,
324 3515 389 3570 tam
413 3503 624 3584 multiforme,
640 3514 690 3570 tot
707 3525 743 3570 ac
760 3514 826 3570 tam
849 3503 946 3568 variis
962 3499 1125 3566 allectibus

135 3605 303 3670 concisum
318 3614 415 3691 atquc
438 3603 622 3686 laceratum,
647 3625 742 3692 quam
766 3605 847 3671 mala
872 3622 1021 3668 mens...
1046 3600 1125 3676 Quis

124 3707 224 3772 inter
246 3708 316 3772 haec
338 3705 441 3773 literis
464 3719 520 3776 aut
542 3709 600 3774 ulli
614 3708 709 3774 bona
734 3709 795 3774 arti
819 3707 938 3774 loeusl
963 3723 1029 3770 uon
1053 3703 1125 3768 her-

136 3809 187 3876 cle
210 3810 324 3896 magis,
348 3808 614 3897 quamirugibus
634 3812 668 3876 iu
685 3821 782 3891 terra,
803 3810 949 3877 sentibus
974 3827 1011 3874 ac
1034 3804 1124 3870 rubis

137 3919 303 4000 occupata.
317 3939 337 3973 a
362 3913 437 3983 Haeo
460 3923 529 3982 tota
551 3924 658 3990 mente
682 3913 823 3998 sedeant,
839 3924 971 4003 totoque
995 3919 1124 4000 pectore

140 4014 322 4093 concludas.
1129 4029 1130 4035 ¹
