2932 4970
363 511 426 598 '72‘
636 529 1085 582 tra.1vsncrtomsrc.r
1179 603 1182 610 Ι
1453 575 1454 592 ,

373 621 515 698 Iudaica
549 618 695 721 perfidia
728 620 871 720 Josephi
905 621 1114 693 testimonio.
1144 617 1357 718 IsJudaeus
1453 657 1454 672 2

372 733 491 822 homo,
515 743 609 802 secta
634 729 854 820 Pharisaeus,
879 727 992 801 officio
1018 725 1187 801 Sacerdos
1213 744 1249 799 et
1278 726 1359 800 dux
1453 729 1454 760 t

372 840 479 931 belli,
504 865 524 911 a
549 841 762 939 Vespasiano
788 855 911 939 captus
937 840 1156 937 Romamque
1182 837 1357 911 devectus

374 954 420 1024 20
446 949 552 1022 libros
578 950 715 1050 scripsit
740 949 784 1020 de
810 948 1052 1047 Archaeologia
1069 949 1296 1040 Judaeorum;
1315 965 1356 1020 et

373 1064 408 1133 in
438 1065 482 1134 18
509 1087 584 1160 cap.
611 1063 634 1153 d
661 1061 1002 1158 famigeratissimum
1028 1063 1115 1151 hoc,
1140 1086 1210 1158 quo
1235 1059 1355 1133 Judaei
1453 1105 1454 1138 2

373 1188 552 1262 vexantur,
569 1171 612 1243 de
630 1173 769 1244 Christo
788 1171 1028 1244 testimonium
1045 1170 1164 1264 edidit,
1182 1171 1356 1244 scribensz·

373 1287 461 1358 Fuit
485 1299 606 1356 autem
632 1282 701 1356 hoo
727 1300 880 1380 tempore
905 1284 1009 1356 Jesus
1039 1283 1109 1360 Vir
1131 1285 1295 1380 sapiens,
1320 1285 1355 1355 si
1453 1365 1454 1388 χ

374 1409 494 1465 tumen
521 1396 635 1464 virum
654 1391 759 1464 illum
775 1407 908 1490 oportet
932 1391 1063 1480 dicere;
1080 1395 1267 1466 eratenim
1284 1396 1352 1464 mi·
1453 1463 1454 1476 ἶ

378 1503 543 1574 cubilium
554 1518 731 1601 patrator,
747 1504 919 1598 Magister
933 1500 1138 1590 homiuum,
1150 1505 1212 1600 qui
1229 1501 1352 1574 luben·
1453 1493 1454 1556 i

374 1629 426 1684 ter
450 1637 529 1684 vero
555 1615 769 1709 suscipiuut;
794 1628 827 1684 et
848 1611 1024 1709 plurimos
1049 1614 1191 1711 quidem
1209 1639 1259 1686 ex
1284 1616 1351 1686 Ju·
1453 1677 1454 1696 ,

372 1723 469 1808 dreis,
489 1723 665 1818 plurimos
691 1725 797 1794 etiam
822 1747 873 1794 eac
901 1720 1071 1794 Gentibus
1092 1722 1140 1794 ad
1160 1748 1196 1796 se
1216 1739 1350 1820 pertru-
1453 1719 1454 1782 ἒ

373 1833 448 1902 tuit.
474 1832 546 1902 Hic
572 1846 647 1902 emt
675 1829 844 1904 Christus.
864 1829 1025 1928 Cumque
1042 1855 1124 1902 eum
1144 1856 1214 1928 per
1229 1831 1352 1903 iuvidi-
1453 1911 1454 1918 χ

372 1965 433 2010 (em
457 1966 479 2009 a
497 1937 716 2037 primoribus
740 1941 853 2035 gentis
879 1965 952 2011 sum
977 1954 1187 2011 accusatum
1213 1940 1351 2012 Pilatus
1453 1997 1454 2006 ,

372 2052 420 2122 cd
442 2076 586 2124 crucem
612 2052 826 2140 damnasset,
852 2051 896 2124 ab
922 2077 962 2124 eo
990 2052 1164 2150 diligendo
1191 2077 1264 2124 nou
1290 2052 1352 2124 ob·
1453 2049 1454 2076 ¹

373 2163 585 2246 stituerunt,
602 2163 664 2256 qui
674 2164 837 2256 primum
862 2177 1058 2260 cuperant:
1077 2187 1162 2234 nom
1183 2178 1263 2260 post
1286 2179 1352 2234 ter·

376 2273 471 2339 tium
491 2269 585 2342 diem
611 2271 782 2344 redivivus
808 2275 890 2369 ipsis
916 2275 1078 2371 apperuit
1091 2327 1104 2362 ,
1130 2299 1215 2346 cum
1239 2273 1352 2345 divini
1453 2309 1454 2374 p

377 2375 484 2450 Vates
510 2375 586 2448 dccc
612 2378 752 2476 alioque
777 2381 1043 2479 quamplurima
1070 2380 1280 2452 admiranda
1305 2381 1351 2452 de
1453 2379 1454 2408 ³

373 2511 412 2556 eo
436 2485 694 2582 predixisseut.
724 2489 850 2588 Neque
885 2491 933 2562 cad
966 2489 1064 2563 hunc
1094 2491 1187 2562 diem
1221 2488 1351 2588 defecit

373 2593 641 2666 denominatum
668 2595 713 2668 ob
739 2623 779 2669 eo
810 2595 1093 2671 Christianorum
1117 2625 1239 2696 genus.
1453 2677 1454 2698 p

422 2709 550 2778 Annon
577 2709 645 2779 hoo
671 2724 724 2780 est
750 2725 873 2781 contra
890 2709 1031 2783 Judaeos
1048 2711 1183 2810 insigne
1200 2710 1350 2809 Religio-
1453 2699 1454 2776 Ῑ

371 2815 425 2884 nis
450 2814 656 2886 Christianae
682 2818 970 2892 monimentum?
998 2819 1137 2892 Scilicet
1162 2835 1223 2890 est.
1258 2819 1350 2892 Hinc
1453 2823 1454 2852 ³

371 2924 465 2997 istud
499 2926 617 2998 atam
642 2928 812 3028 praeclaro
849 2932 970 3029 gentili
1004 2957 1066 3002 suo
1096 2929 1264 3030 prodiisse
1290 2959 1351 3002 un·

371 3059 485 3130 quam,
506 3037 670 3108 hactenus
687 3037 870 3136 praefractc
888 3056 1070 3138 negarunt
1089 3039 1274 3110 Christiani
1291 3067 1349 3112 ve·

370 3169 422 3237 ro,
445 3145 617 3218 Eusebius
643 3149 807 3239 maxime,
833 3151 1082 3249 Hieronymus,
1111 3152 1267 3242 Rufinus,
1292 3151 1349 3223 Isi·

373 3253 479 3326 dorus
504 3253 687 3346 pelusiota,
714 3257 930 3330 sozomenus
955 3258 1078 3356 aliique
1095 3259 1223 3360 plures,
1239 3286 1348 3358 usque

369 3364 413 3434 ad
437 3365 604 3437 saeculum
628 3368 696 3438 XV
724 3367 815 3465 vulg.
841 3371 945 3462 AErae,
972 3387 1170 3443 constanter
1194 3374 1347 3473 Josepho

367 3471 652 3570 praedicaverunt
680 3491 715 3547 et
740 3479 897 3577 posthac,
916 3495 1036 3551 contra
1062 3480 1233 3577 quosdam
1251 3482 1349 3554 Criti

368 3607 438 3672 cos,
465 3582 682 3683 Scriptorum
708 3603 881 3661 emunctae
899 3589 993 3660 naris
1010 3591 1134 3661 cohors
1160 3591 1227 3690 ipsi
1252 3591 1349 3660 innu-

369 3715 464 3760 mera
490 3691 687 3766 vindicavit.
707 3693 775 3764 Sed
792 3721 857 3768 nos
875 3696 943 3770 alio
961 3699 1197 3771 convertimur
1215 3724 1255 3771 ac
1271 3725 1347 3799 pro

368 3822 551 3894 paramus:
579 3817 707 3898 quanta
733 3803 828 3874 enim
863 3807 973 3907 spatia
1003 3805 1103 3880 nobis
1137 3807 1236 3883 brevi
1265 3825 1347 3880 suut

365 3911 792 4014 temporeperagranda!
1105 3905 1108 3912 ’
