2932 4970
543 489 613 564 ,17
654 559 658 566 .

89 617 193 695 chius,
215 615 250 680 in
274 621 344 679 toto
367 495 583 694 natta‚'qr)1(ou
607 493 699 691 ωἶξιιο
721 581 787 690 legi
811 593 1079 690 oportoahvonass

89 713 201 788 natum
225 717 379 784 adversus
403 731 554 792 amarent
570 711 597 776 si
622 721 726 776 tamen
752 709 921 774 christiane
946 709 1078 778 deseces

89 821 244 910 quasdam
269 817 403 884 Gentilis
427 814 512 882 iliius
535 810 685 891 maculas,
708 810 835 876 silentio
860 821 892 876 et
908 823 1009 880 nocta
1032 824 1079 880 tc·

88 925 229 1012 gendos:
253 999 256 1003 ,

197 1045 373 1116 Sedfitgitart
390 1042 460 1096 ducet
476 1043 622 1107 simulacro,
639 1055 664 1093 et
678 1043 775 1112 pabula
792 1043 884 1094 arnonis

127 1190 129 1194 ,
199 1135 344 1187 Absterrere
360 1131 416 1195 siti,
434 1145 510 1203 atque
527 1131 579 1182 alio
596 1145 733 1182 convertere
750 1143 852 1182 mentem
863 1171 938 1186 .....

201 1218 278 1270 Ulcus
294 1218 359 1268 enim
383 1217 502 1281 vivescit,
520 1229 544 1268 et
560 1216 717 1266 inveterascit
732 1213 820 1266 alendo
829 1253 837 1279 ,

198 1303 279 1372 Inque
290 1299 343 1352 dies
354 1299 531 1371 gliscitsutor‚
543 1313 620 1370 utque
631 1318 743 1351 aerunuaa
752 1301 878 1370 gravescit
885 1340 958 1354 .....

198 1383 274 1440 Adde
290 1385 361 1455 quod
376 1385 510 1440 absumunt
526 1385 615 1447 viruit,
631 1397 783 1456 pereuntque
804 1387 888 1438 labore
897 1407 905 1452 ,·

198 1471 274 1524 Adde
290 1472 362 1544 quad
376 1475 480 1525 ulterius
505 1475 551 1526 sub
568 1487 630 1524 natttt
647 1472 750 1544 degitur
764 1463 843 1526 actas.-
885 1529 886 1536 χ

200 1559 310 1608 Labitur
324 1559 419 1610 interea
436 1576 491 1625 tus,
508 1573 533 1610 et
549 1557 692 1610 vadimonia
704 1560 788 1630 finnt,

200 1642 331 1718 Languent
346 1643 439 1711 officia,
450 1657 525 1715 αιᾳιιε
537 1657 645 1714 oegrotut
651 1644 731 1712 sama
748 1647 870 1697 vacillans
881 1688 954 1702 .....

201 1727 237 1780 Et
254 1729 311 1778 hene
326 1741 403 1798 parca
418 1742 518 1798 patrum
526 1729 600 1801 fiunt
615 1728 766 1782 unadematu
775 1769 782 1795 ‚
799 1733 881 1784 mittat
890 1771 898 1797 ‚

203 1812 333 1866 Interdum
351 1815 376 1864 in
391 1815 496 1883 pallum,
513 1833 544 1868 ac
560 1817 719 1882 Melitensia,
738 1818 836 1888 &aaut
852 1831 957 1872 vemmt.

137 1927 272 1994 Interim
285 1929 364 1995 dum
378 1929 558 2018 voluptaria
573 1930 716 1998 luxurias
732 1933 905 1998 succrescit
919 1944 1083 2020 spectacu-
1141 1955 1146 1966 ·

90 2027 197 2096 lorum
221 2029 351 2119 pabulo,
374 2029 453 2098 dum
470 2031 595 2097 interea
619 2033 722 2098 tacito
737 2045 878 2118 cernunt
900 2034 939 2098 in
962 2031 1086 2102 circaea
1155 2027 1157 2032 ⁸

85 2136 318 2218 stummoe-et
342 2139 436 2202 anaia
458 2133 585 2202 radicet
602 2137 705 2203 ultius
730 2135 827 2202 arbor
842 2139 921 2222 uqit,
938 2138 1029 2204 ovid.
1046 2161 1085 2210 a·,

87 2233 181 2319 jente'
202 2231 242 2301 dc
267 2235 353 2303 Rem.
378 2237 497 2309 atnoris
508 2265 520 2317 ;
544 2237 659 2303 crescit
682 2238 715 2302 in
737 2236 928 2323 juvenculis,
944 2237 1003 2304 alia
1018 2259 1084 2304 nra·

90 2336 196 2405 lorum
219 2331 336 2420 altrix',
359 2339 486 2405 luxuria
511 2331 658 2420 vestium,
675 2351 769 2427 quum
795 2349 941 2425 parentes
965 2339 1082 2406 Censo-

89 2457 206 2526 rcsquc
221 2459 348 2508 morum
363 2442 423 2507 huc
441 2443 564 2518 utinam
581 2452 768 2530 tempestato
785 2453 961 2508 coerceant
982 2433 1082 2510 omit·
1104 2463 1108 2472 ’

90 2554 126 2608 to
149 2545 307 2612 lenocinia
323 2545 426 2626 faciei,
443 2547 476 2611 in
494 2569 589 2634 quarn
607 2548 668 2612 ohe
685 2545 879 2634 quambene
896 2545 983 2612 cadit
999 2547 1082 2614 hiar-

90 2641 214 2710 tialaeus
237 2646 298 2712 istc
320 2641 425 2712 risus!
451 2648 537 2714 Part
560 2649 787 2714 neunt'llurttm
815 2661 908 2712 tonso
934 2662 979 2713 ert
1002 2649 1082 2730 titi3

86 2771 169 2832 part
192 2750 344 2815 tibiraao
368 2751 559 2817 ttt-Port
582 2754 679 2816 uultu
704 2765 768 2816 eti:
793 2772 910 2816 artum
928 2753 1004 2840 qais
1017 2773 1082 2838 pta*

91 2867 138 2918 tat
163 2876 228 2917 ease
260 2861 389 2939 capeat?
413 2853 588 2919 Luxuriam
620 2854 769 2920 intuebar
799 2854 1082 2922 indumentorum:

91 2976 194 3042 quum
217 2967 324 3044 hanaen
342 2957 377 3021 iu
401 2957 451 3022 his
467 2953 604 3033 mairinac
627 2957 718 3036 lucis,
734 2967 767 3022 et
789 2957 842 3022 hic
865 2959 972 3024 verius
988 2981 1083 3047 qnam

91 3059 215 3140 Romae,
239 3059 292 3124 hia
316 3062 471 3126 oziuumue
488 3061 663 3127 ambitiosa
675 3073 870 3148 paupertate
890 3084 1084 3145 omnemn-
1136 3095 1138 3100 ·

91 3171 184 3227 ctore
207 3148 371 3252 iuvenuit,
396 3163 454 3248 qui
479 3161 615 3250 tandem·
632 3172 738 3247 satyra
763 3159 784 3225 3
809 3159 919 3228 subdit
928 3171 939 3226 ἐ
972 3168 973 3172 ’

205 3323 595 3338 ..........
633 3287 741 3339 Ultimus
758 3299 841 3337 autem

200 3370 336 3422 Aemmnoe
353 3375 478 3437 cumulus,
495 3371 567 3443 quod
581 3371 676 3424 evadam
693 3385 718 3423 et
724 3371 831 3440 frustm
848 3387 973 3442 rogantem
1072 3367 1077 3402 ¹

190 3455 281 3506 'Nemo
298 3455 369 3520 cito,
386 3474 457 3510 tremo
473 3457 582 3528 lrotpt'tt‘o
594 3471 706 3530 tectoque
715 3459 827 3528 juvabit.

571 3568 609 3636 X.

138 3666 194 3736 Ast
216 3689 282 3758 quo
306 3691 357 3740 mc
380 3692 526 3770 meorum
541 3675 718 3762 patriaque
735 3675 871 3742 charitas
893 3677 1004 3762 rapit?
1028 3677 1083 3742 Et·

91 3773 198 3854 ianrnc
222 3774 356 3857 doleam,
378 3777 586 3844 honoratiora
606 3773 793 3867 civitatibus
818 3781 964 3846 instituta
989 3801 1005 3844 a
1026 3802 1083 3845 no-

92 3873 142 3939 bis
165 3875 304 3958 cartiano,
328 3889 384 3944 aut
407 3877 531 3961 saitem,
547 3878 602 3946 ubi
620 3878 742 3946 theatra
755 3881 893 3980 irrigant,
918 3880 970 3947 iiia
987 3901 1082 3967 squa-

152 4058 240 4104 ront.
267 4061 300 4106 11
328 4062 411 4110 Vct.
437 4063 453 4107 1
706 4081 708 4084 -
1010 4041 1030 4110 2
