2908 4962
370 516 446 590 ιιι
618 534 682 583 ura.
708 533 744 583 ιι
769 529 939 582 stomoma
964 530 1002 580 ιιι
1027 529 1055 580 o
1081 529 1092 577 ι

365 627 457 700 uum
480 619 719 723 dispositione,
743 631 927 692 statueret
947 615 1075 692 coloris
1095 630 1348 716 temperamen-

365 752 404 814 to
429 735 665 811 constitutam.
689 731 808 831 Atque
833 732 898 804 hos
923 727 1018 802 ultro
1036 726 1276 802 consectabur.
1295 727 1349 799 Sit

363 844 484 920 bioca
508 867 648 918 summo
672 840 786 942 capite
803 837 931 940 triplex
947 836 1152 942 propositio,
1170 862 1250 936 quae
1271 861 1349 909 rem
1439 839 1440 842 ’

367 971 480 1032 rotans
504 954 645 1058 penitus
669 950 871 1026 absolvat*

412 1137 528 1208 PROP.
551 1137 575 1206 1.
599 1135 740 1204 Verbum
763 1135 822 1202 Dei
846 1133 1051 1222 assumpsisse
1074 1129 1215 1200 solidum
1229 1151 1268 1200 ac
1290 1152 1345 1198 ve-

310 1271 312 1278 ·
366 1261 439 1311 rum
463 1259 592 1330 corpus,
615 1251 661 1308 est
684 1241 724 1305 dc
743 1239 829 1326 lide:
845 1237 1017 1324 assumpsit
1030 1246 1138 1304 autem
1154 1235 1350 1302 immediate

368 1345 492 1426 dentes,
515 1363 653 1432 ungues,
677 1341 817 1431 capillos,
840 1351 874 1409 et
897 1351 1036 1430 quatuor
1059 1340 1231 1422 humores,
1253 1349 1350 1428 atquc

373 1467 414 1516 ex
437 1446 487 1514 itis
511 1447 647 1516 maxime
669 1445 872 1534 sanguiuem3
895 1457 1006 1534 estque
1023 1443 1220 1511 communis
1235 1455 1352 1510 contro
1441 1469 1442 1510 3

369 1551 593 1620 Ducendum.
841 1557 844 1566 '

418 1707 522 1796 Proh.
550 1711 588 1783 l'
612 1736 704 1813 pars.
736 1712 870 1784 Praeter
903 1695 944 1784 ea
956 1765 967 1803 ,
992 1737 1071 1809 quae
1106 1711 1255 1813 sparsim
1289 1733 1371 1816 nos
1442 1783 1443 1802 ,

368 1822 449 1894 stris
473 1822 569 1895 hisce
593 1819 878 1922 praelectionibus
908 1834 1087 1892 momenta
1112 1819 1357 1921 reperiuntur,

368 1931 446 2009 laaeu
462 1929 600 2004 abunde
617 1929 699 2004 fidei
716 1929 894 2004 adsertum
911 1929 1068 2004 suadent.
1084 1931 1171 2004 Luc.
1190 1929 1238 2002 24
1256 1928 1356 2002 Chri·

412 2292 421 2310 “
437 2292 470 2346 ln
478 2295 553 2346 modo
569 2293 659 2346 datam
671 2293 782 2348 Ιιιεηιὶιιι
792 2292 1026 2363 i'ptoepeoimmin,
1036 2292 1293 2363 Incorrupticolarnm,
1303 2309 1359 2363 pre

369 2383 464 2454 lapsum
482 2399 534 2436 ease
551 2388 632 2438 virum
643 2386 826 2458 Imperatorem,
838 2405 920 2453 nemo,
932 2405 973 2440 me
984 2390 1131 2450 meminisse,
1143 2385 1292 2453 gravabitur.
1311 2385 1356 2462 llic
1444 2391 1445 2456 l

370 2488 409 2532 est
426 2479 467 2531 ille
483 2478 688 2540 celebratissimus
704 2497 861 2532 romanorum
878 2481 1020 2551 Imperator,
1037 2483 1205 2545 lastinianus,
1222 2481 1266 2550 qui
1281 2481 1360 2530 totins

371 2575 466 2625 ronmrri
483 2571 549 2646 orbis
566 2572 772 2624 excellentissimis
789 2590 847 2626 usus
864 2575 952 2627 lCTlS
970 2582 996 2625 et
1012 2577 1117 2624 unanime
1134 2572 1288 2625 Triboniann
1304 2557 1361 2622 utoss

372 2683 428 2718 rum
444 2667 516 2731 dure,
525 2669 615 2716 variam
633 2667 765 2718 immanem
781 2665 924 2718 abnonnem
937 2667 1079 2734 farraginem
1087 2665 1160 2735 juris,
1172 2675 1361 2735 quantumcum-
1445 2677 1446 2718 i

372 2763 422 2832 'qim
438 2761 505 2813 istud
521 2769 547 2812 et
563 2760 740 2830 qualecumque
756 2764 869 2830 primitus
887 2761 995 2826 extabat,
1012 2764 1038 2811 in
1054 2777 1112 2810 cum
1132 2761 1234 2826 redegit,
1250 2769 1308 2810 suas
1319 2759 1361 2810 de·

370 2859 457 2926 tsoeps
474 2857 587 2908 addendo
603 2856 722 2906 Novella:
740 2858 935 2921 comtitudones,
952 2857 1063 2906 ordinem
1080 2873 1109 2906 ac
1119 2871 1217 2924 corpus,
1228 2871 1281 2925 qno
1291 2870 1360 2906 nune

285 2982 287 2986 .
372 2954 508 3011 „fimum
525 2950 641 3002 fruimur:
666 2951 770 3019 corpus,
787 2953 905 3026 inquam,
929 2950 1032 3000 nomam
1045 2947 1126 3016 juris,
1144 2949 1211 3018 qnod
1228 2951 1361 3013 nimirum,

374 3054 462 3116 preter
478 3045 599 3098 Novellas
616 3062 661 3096 seu
678 3042 843 3096 Aurlrenticas
860 3047 926 3110 168,
943 3046 969 3094 i'n
985 3059 1039 3094 sese
1065 3040 1236 3112 complectitur
1253 3043 1270 3096 l
1287 3042 1362 3096 libros

372 3139 570 3204 Ιηιιίιιιιίοιιιωι,
588 3140 685 3192 Codicis
702 3156 761 3188 vero
777 3137 930 3189 Juau‘niouei
945 3139 995 3202 12,
1015 3145 1042 3188 et
1058 3137 1092 3190 50
1113 3134 1298 3190 pandectarum
1318 3145 1361 3189 aut

372 3231 537 3298 Digestorum,
847 3223 851 3230 ’

415 3321 439 3374 ls
455 3327 546 3392 itaque,
563 3324 607 3391 qni
624 3324 706 3390 posuit
719 3319 777 3389 jura
794 3323 896 3388 mundo,
912 3330 938 3376 et
956 3321 1040 3374 famosi
1052 3338 1100 3392 ope
1116 3321 1234 3386 belisarii,
1245 3323 1361 3388 Nemetis,

375 3415 516 3481 Alexandri,
533 3415 638 3466 Africam
655 3433 670 3466 a
687 3414 801 3466 Vandalis
818 3418 957 3496 ,ιιιιιιιψιίιἶ
974 3417 1120 3470 demerim
1137 3423 1302 3485 externosrpre
1318 3418 1361 3467 do

375 3511 448 3571 misit·
465 3525 517 3559 non
533 3515 617 3558 tamen
634 3506 812 3570 theologiaandi
827 3506 953 3560 libidinem
970 3510 1028 3570 uicit
1045 3511 1187 3578 donumque
1212 3525 1300 3576 suan,
1317 3526 1365 3560 nec

376 3601 459 3652 uxoris
470 3616 521 3650 suae
538 3599 677 3652 Theodora
693 3603 843 3670 compescuit
869 3589 1045 3672 eutychianum
1060 3609 1086 3652 et
1103 3601 1210 3664 insolens
1229 3603 1364 3670 ingenium.

286 3697 287 3700 ’
375 3693 423 3744 llic
449 3690 574 3762 prefatam
591 3694 617 3744 in
634 3692 744 3744 haeresim
761 3692 886 3762 abreptus,
903 3711 917 3742 a
935 3691 1025 3746 femina
1041 3696 1152 3748 devictm
1169 3693 1214 3745 luit
1231 3711 1335 3760 maguus
1347 3699 1366 3745 i·
1444 3727 1446 3752 .

375 3803 419 3856 pse
435 3790 513 3840 victor
530 3795 556 3839 et
572 3790 719 3856 imperator,
737 3790 864 3856 repentina
884 3790 986 3839 demum
1010 3797 1089 3840 morte
1109 3795 1235 3858 correptus
1260 3769 1326 3842 idem
1345 3809 1375 3842 ac

304 3887 311 3909 '
376 3881 464 3946 victus,
481 3888 521 3950 et,
532 3898 589 3931 cum
603 3879 655 3949 jam
673 3890 827 3934 succenseret
843 3879 995 3934 orthodoxis
1012 3879 1161 3950 exiliumque
1173 3890 1279 3952 pararet,
1290 3873 1367 3938 inter-

370 3983 465 4043 ceptus,
484 3971 616 4028 extinctus.
713 4043 716 4048 Ι
1174 3989 1176 3994 ·
