2942 4962
225 530 268 578 oc
295 527 422 576 cmrsrr
448 525 595 576 summu
619 527 662 574 ar
695 527 893 576 saucrrmrn
974 507 1065 579 l89'

77 616 217 695 homine
243 613 360 687 adesse
386 614 565 688 scientiam
587 612 740 712 aliquam
764 631 916 686 creatam
934 631 971 687 et
986 616 1049 688 hu·

80 751 231 818 menam,
256 739 376 797 contra
401 722 548 795 Arianos
573 738 610 794 et
633 723 893 822 Apollinaristas
920 727 1050 800 evincit

6 925 7 934 ἵ
80 838 123 912 de
148 835 216 908 lide
241 837 291 906 VI
318 832 478 934 Synodus
502 832 581 906 Act.
608 835 631 905 4
657 850 693 906 et
719 838 757 926 83
783 833 842 906 ubi
868 861 911 907 ex
936 837 1052 936 Epist..

79 945 293 1044 Agathonis‚
319 944 408 1015 sicut
433 941 609 1042 duplicem
635 942 766 1014 Christi
790 958 974 1036 naturam,
987 943 1048 1016 sic

6 1061 7 1068 '
82 1056 197 1128 omnia
222 1056 258 1126 in
284 1079 326 1126 eo
353 1052 502 1153 duplicia
531 1054 726 1125 confitetur.

129 1169 199 1238 Ista
223 1192 307 1240 vero
333 1167 406 1264 ejus
432 1166 575 1236 scientia
600 1180 714 1236 creata
740 1164 800 1236 ulli
825 1189 869 1236 ne
894 1165 1050 1263 ignioran·

71 1277 137 1349 tiae
161 1277 333 1444 permixta
358 1273 449 1346 liiitl
476 1301 520 1344 an
537 1299 557 1344 a
573 1274 688 1398 primo
706 1288 878 1372 conceptu
894 1271 1048 1398 perlecta

83 1386 221 1457 extitit?
246 1387 304 1457 hic
329 1402 414 1457 eunt
439 1410 560 1456 omnes
577 1385 612 1453 iu
629 1382 792 1454 malam
772 1410 796 1453 ιι
813 1409 963 1474 crucem,
980 1385 1051 1482 qui,

7 1521 8 1592 r
80 1493 289 1592 abnegantes
315 1494 454 1565 Christo
480 1492 631 1564 Domino
661 1493 836 1590 sapientiae
868 1493 1054 1591 plenitudi-¹

17 1693 19 1698 Ι
80 1629 176 1693 nem,
201 1602 380 1674 hominem
396 1627 524 1700 purum
543 1616 669 1698 putum
685 1598 784 1669 illum
802 1624 876 1670 esse
893 1600 1051 1699 blasphe-

8 1745 13 1869 ἐ
78 1728 189 1784 mant
216 1711 284 1783 Sed
310 1714 490 1810 speciatim
511 1712 670 1783 Gnostici
687 1726 723 1780 et
738 1709 969 1780 Valentiniani
994 1737 1052 1784 sre-

8 1812 13 1901 l
76 1821 159 1894 culo
184 1822 229 1912 Π,
253 1846 334 1893 cum
352 1822 558 1922 putaverint,
584 1822 762 1891 Christum
779 1818 948 1890 infantem
974 1819 1052 1892 alio·
1099 1911 1102 1916 ¹

80 1955 161 2000 rurn
187 1954 285 2000 more
310 1928 495 2000 infantium
521 1930 662 2000 rationis
688 1956 751 2000 usu
778 1930 936 2019 caruisse,
950 1915 1059 2000 habu·-

79 2040 149 2110 lam
176 2038 304 2132 dixere,
330 2044 458 2137 quain
484 2057 559 2113 toto
584 2044 713 2142 AEsopo
738 2067 809 2112 uon
835 2040 899 2110 alia
924 2039 1054 2112 insulsi·

78 2173 119 2218 or
143 2163 205 2224 est:
230 2148 396 2218 nimirum
412 2148 589 2220 imbibisse
606 2151 727 2222 lesum
743 2149 859 2220 literas
876 2147 1053 2248 alphabeti·

80 2254 193 2347 simul,
218 2270 258 2326 ut
282 2256 330 2326 ita
355 2254 480 2346 dicam,
505 2282 587 2328 curn
612 2256 738 2328 scholae
759 2256 912 2356 pulvere,
928 2283 969 2329 ac
986 2255 1051 2328 sub

81 2364 188 2437 serula
213 2367 395 2463 magistelli
421 2369 512 2438 iuter
537 2367 716 2439 cathedras
732 2369 941 2465 ingemuisse
959 2366 1054 2442 disci·

80 2474 255 2574 pulorum3
281 2476 376 2574 quod
400 2479 608 2575 figmentum
626 2477 715 2550 sorte
732 2479 917 2550 hauserant
933 2503 953 2547 a
969 2477 1055 2550 Rab

82 2586 246 2664 binorum
282 2588 403 2680 libris,
441 2591 500 2686 qui
538 2591 667 2661 Christi
692 2591 897 2687 magistrum
934 2591 1054 2661 Jesum

82 2697 270 2800 quemdam
282 2698 454 2770 Peraohiae
471 2698 581 2769 filium
598 2723 618 2768 e
635 2697 777 2770 cerebro
794 2697 965 2769 cuderunt
982 2724 1055 2790 suo,

82 2793 227 2880 Medicis
253 2807 529 2899 committendo,
555 2807 641 2880 adeo
666 2807 828 2877 ut.bene
853 2806 939 2878 illud
972 2834 1054 2880 cum

85 2915 209 2987 Juven.
233 2933 370 3015 repetas
400 2942 443 2987 ex
469 2933 531 2988 sat.
558 2919 602 2988 6:
628 2915 901 3013 qualiacumque
936 2916 1054 3003 voles,

85 3025 205 3098 Judaei
219 3031 358 3099 somnia
376 3027 538 3100 veredum.
556 3029 649 3098 Tum
666 3024 746 3096 dein
763 3027 812 3096 Vl
829 3025 955 3098 saeculo
981 3029 1055 3124 qui·

86 3132 167 3206 dam
193 3161 237 3206 ex
261 3137 489 3234 Eutychianis
514 3136 657 3208 Sectarii
682 3136 750 3206 orti
775 3151 871 3224 sunt,
895 3133 979 3206 dicti
1005 3137 1056 3207 A·

84 3254 220 3340 grroe'tce
237 3272 297 3318 seu
313 3249 523 3344 ignorantes,
533 3247 612 3344 quia
621 3245 809 3317 multarum
826 3271 942 3316 rerum
960 3248 1056 3345 igno-

86 3358 235 3448 rantiam
262 3358 402 3429 Christo
428 3357 675 3458 aspergebant:
701 3385 808 3454 quem
838 3358 869 3428 ei
904 3377 1067 3436 errorem·

87 3493 309 3567 summopere
335 3469 623 3542 contumeliosum
642 3468 850 3569 adoptarunt
874 3471 1059 3560 Lutherus,

89 3578 261 3671 Calvinus,
286 3580 448 3652 Brentius
473 3581 598 3679 aliique
615 3581 836 3680 complurimi
860 3581 1058 3654 Noratores.

88 3687 138 3758 At
164 3690 371 3762 nostratium
396 3717 476 3764 vera
502 3707 554 3762 est
580 3706 617 3762 et
637 3692 918 3763 communissima
936 3691 1058 3768 doctri·

89 3821 145 3885 na,
169 3796 318 3894 viguisse
345 3799 523 3870 Christum
557 3814 597 3869 ut
633 3797 811 3869 hominem
845 3796 1058 3896 plenitudine

89 3905 254 4012 scientiae,
279 3936 297 3980 a
323 3925 494 4010 conceptu
520 3910 647 4009 primo,
671 3933 749 4003 quae
774 3907 817 3978 ad
842 3906 973 4004 singula
999 3903 1075 3976 ob-‘'
