2942 4962
230 444 274 528 ns
299 477 428 527 cnmsrr
453 475 583 526 mauras
608 479 651 526 nr
677 477 810 526 urricus
830 476 942 526 nonum
994 453 1065 526 183
1161 443 1164 450 ’

148 566 263 634 rtur.
286 567 308 633 Ι.
333 565 490 646 Christus·
511 568 606 633 etiarn
629 565 809 633 secundum
828 553 1074 647 humanitatem,

104 669 207 738 Filius
228 675 278 736 est
300 669 358 734 Dei
381 669 551 736 naturalis:
576 687 679 758 neque
708 679 756 736 est
778 687 837 736 nee
871 669 935 736 dici
959 677 1071 756 'potest

105 772 188 841 lilius
211 772 391 860 adoptivus.

151 906 256 980 Prob.
284 907 345 977 lum
362 932 382 978 e
399 907 595 1007 Scripturis.
610 907 707 978 Mate
733 905 829 979 3-17
856 907 949 980 Deus
971 907 1073 982 Pater

104 1010 284 1089 hominem
309 1014 506 1107 ostendens,
533 1042 639 1113 quem
663 1014 827 1090 videbant
843 1015 967 1107 Judaei,
987 1039 1072 1090 voce

105 1126 144 1196 in
169 1130 246 1195 aere
270 1121 462 1215 efformata,
487 1122 585 1215 dixit,
609 1123 668 1198 laic
694 1143 744 1200 est
768 1127 884 1198 Filius
900 1149 999 1198 meus
1024 1123 1073 1195 di-

106 1232 229 1318 lcctus‚
255 1233 293 1302 in
318 1257 387 1328 quo
413 1229 505 1302 milri
528 1235 738 1330 complacui.
762 1237 900 1309 Prostat
915 1235 1011 1325 item,
1027 1231 1072 1304 de

15 1431 16 1436 ἵ
104 1343 358 1434 enunciatione,
382 1368 446 1441 per
470 1343 607 1436 Jesum,
631 1349 877 1443 mysteriorum
901 1359 938 1416 et
957 1343 1073 1442 jussio

15 1537 16 1542 ἵ
106 1475 197 1523 num
221 1449 297 1541 Dei,
324 1453 338 1521 1
372 1452 425 1522 Jo.
453 1452 512 1542 18,
542 1451 749 1548 Unigenitus
775 1454 891 1525 Filius
903 1506 916 1540 ,
940 1454 1002 1547 qui
1023 1463 1074 1521 est

106 1563 146 1632 in
172 1558 255 1632 sinu
279 1561 407 1646 Patris,
433 1563 504 1656 ipse
529 1566 727 1649 enarravit,
752 1587 913 1634 enarrans
942 1560 1073 1636 scilicet

103 1686 146 1742 ut
169 1669 354 1760 homo,'ut
377 1672 484 1741 homo
509 1671 712 1770 praedicans.
738 1673 794 1743 Sic
820 1672 924 1741 etiam
938 1681 1073 1767 prostat

106 1780 131 1850 8
158 1777 232 1878 cap.
258 1777 303 1851 ad
327 1780 525 1871 Romanos,
546 1784 686 1878 proprio
712 1781 805 1853 Filio
832 1804 895 1853 suo
921 1801 993 1850 non
1012 1801 1074 1872 pe-

102 1891 242 1986 percit,
267 1886 428 1960 videlicet
462 1905 501 1961 ut
534 1891 677 1962 homini.
710 1892 752 1961 In
777 1888 901 1988 quibus
931 1886 1071 1982 aliisque

105 1999 275 2090 Christus
300 2000 493 2072 secundum
517 2003 768 2074 humanitatem
793 2013 862 2074 seu'
879 2015 918 2070 ut
941 2000 1048 2069 homo
1060 2049 1071 2087 ,

15 2111 16 2116 ’
103 2107 247 2183 vocatur
272 2108 378 2180 Filius
411 2111 477 2182 Dei
502 2109 670 2203 dilectus,
694 2139 864 2210 nusquam
888 2108 1072 2208 imantione

15 2309 16 2312 Ἴ
104 2220 194 2292 lacta
221 2218 416 2320 adoplionis
440 2237 477 2294 et
503 2225 641 2320 gratiae,
665 2250 802 2296 necnon
825 2223 932 2296 Filius
955 2221 1073 2318 unige-

105 2331 199 2402 nitus
225 2355 265 2402 ac
290 2333 463 2430 proprius,
488 2331 533 2403 ad
558 2331 786 2404 differentiam
811 2332 1073 2431 adoptivorum,
1154 2319 1157 2326 ⁴

15 2497 16 2550 1
106 2443 168 2539 qui
193 2441 268 2513 Deo
294 2458 377 2512 sunt
401 2458 437 2513 et
461 2442 657 2543 complures
682 2460 719 2516 et
743 2443 912 2535 extranei,
935 2467 1000 2513 nec
1024 2465 1074 2512 es·

106 2551 322 2638 scndalitcr,
348 2551 409 2626 sed
433 2553 573 2626 abusive
597 2555 659 2626 filii
685 2554 846 2627 dicuntur
858 2610 868 2646 ,
892 2569 932 2624 ut
960 2551 1074 2649 inquit

19 2671 21 2680 '
106 2662 144 2732 in
169 2659 406 2759 Sacrosyllaho
422 2661 585 2732 Paulinus
602 2662 840 2760 AquilejensiS,
855 2661 994 2732 haeresis
1010 2660 1073 2728 Fea

104 2767 237 2868 licianae
252 2770 507 2841 strenuissimus
518 2771 712 2842 insectator.
720 2771 816 2868 Ergo
829 2767 987 2839 Christus
998 2779 1074 2836 etc..

157 2876 260 2948 Proh.
280 2880 317 2948 2⁰
335 2880 391 2950 Ex
408 2877 574 2949 Patribus.
593 2878 782 2976 Gregorius
796 2875 894 2974 Nyss
909 2871 986 2944 Lib.
999 2896 1075 2943 con·
1126 2927 1129 2934 .
1167 2873 1171 2882 '

109 3001 163 3056 tra
187 2985 451 3084 Apollinarem,
477 2988 664 3085 Gregorius
689 2987 735 3058 M.
759 2984 819 3056 lib.
846 2985 860 3054 l
893 2981 1075 3056 Moralium

107 3107 144 3163 et
169 3092 237 3185 alii,
263 3094 322 3164 uti'
337 3119 419 3186 nos,
445 3096 621 3188 sentiunt,
646 3095 934 3191 consentiuntque
959 3091 1076 3187 Augu·

108 3203 201 3275 stino
227 3201 391 3276 scribenti
416 3205 531 3276 Tract
558 3207 605 3276 82
634 3205 673 3274 in
697 3203 889 3294 loannem,
914 3225 978 3274 nos
1001 3197 1076 3302 filii

104 3313 244 3406 gratia,
270 3337 344 3383 non
369 3327 529 3400 notura;
561 3313 767 3408 Unigenitus
792 3327 911 3383 cutem
935 3323 1075 3394 natura,
1121 3305 1123 3314 ’

105 3447 179 3493 non
202 3424 340 3517 gratio:
366 3449 414 3493 an
440 3421 508 3496 laon
533 3427 641 3496 ctiam
667 3427 701 3495 ia
730 3427 803 3522 ipso
830 3423 923 3494 Filio
940 3419 988 3491 ad
1007 3416 1070 3500 lao-

109 3535 245 3605 minem
272 3530 494 3629 refhrendum
519 3535 600 3607 est?
625 3539 673 3606 itu
698 3561 791 3607 sone.
809 3533 902 3623 Quid
919 3530 1076 3604 disertius

15 3679 16 3720 t
110 3643 155 3714 ad
181 3642 381 3716 intentum?
406 3646 502 3743 Ergo
520 3647 723 3718 concludam
741 3671 820 3717 cum
839 3647 872 3716 S.
889 3645 1075 3734 ildefonse,
1143 3729 1148 3736 Ι

15 3813 16 3816 ,
112 3753 171 3849 qui
196 3767 276 3823 ante
302 3752 514 3852 Elipandum
538 3755 715 3828 Toletanae
740 3754 879 3854 praefuit
903 3753 1074 3834 Ecclesiae:

15 3867 16 3870 ’
111 3861 305 3936 divinitatis
324 3879 453 3939 natura
476 3861 657 3937 Christum
674 3867 710 3935 in
731 3866 915 3960 proprium
931 3867 999 3936 Dei
1015 3864 1075 3934 Fi·
