2942 4962
373 469 447 550 222
713 488 775 539 ιιι.
801 491 837 542 tv
860 491 1022 540 amrumx

371 604 522 682 rumque
546 577 703 679 vigorem
728 601 792 676 per
817 575 966 649 sormam
986 579 1134 676 juvenis.
1163 577 1266 653 Nunc
1299 581 1349 655 arl-

373 694 569 792 dogmata.'

425 804 454 900 ς.
481 803 540 876 ll.
565 797 754 890 Quomodo
780 799 873 870 Deus
889 798 927 869 iu
944 798 1088 897 antiquo
1103 799 1255 874 Foedere
1279 827 1353 874 nou

376 937 521 994 omnem
538 909 650 986 vetuit
666 908 834 1006 imgiucm
851 907 995 1008 pingere
1007 924 1068 980 aut
1080 909 1253 1011 sculpere;
1270 937 1354 983 uam

374 1023 467 1106 illius
491 1023 601 1094 immo
613 1021 713 1119 jussu
730 1033 1025 1119 repraesentarunt
1040 1019 1154 1095 Judaei
1171 1047 1277 1122 super
1292 1021 1359 1093 Ar·

376 1163 430 1212 coe
452 1134 558 1209 latera
583 1130 753 1228 imagines
777 1128 929 1205 duorum
955 1130 1145 1204 Cherubim
1163 1157 1295 1226 aureas,
1316 1147 1354 1204 et

313 1303 318 1314 .
377 1269 496 1328 rursus
527 1253 727 1340 serpentem
759 1238 933 1312 aheneum
966 1238 1003 1312 in
1027 1239 1270 1340 aspicientium
1303 1265 1357 1311 sa-

376 1353 488 1434 lutem
514 1361 718 1420 erexemnt:
743 1347 792 1417 ita
817 1346 854 1417 in
879 1372 973 1422 novo
989 1348 1096 1422 Paeto
1110 1349 1280 1446 imagines
1306 1363 1358 1420 et

376 1460 449 1546 iam
473 1483 514 1530 ac
538 1471 670 1528 statuas
694 1455 923 1530 sanctissime
948 1455 1096 1528 Triados
1120 1472 1223 1554 atque
1240 1455 1359 1554 Ange·

377 1569 494 1652 lomm
520 1561 656 1638 efficere
683 1579 718 1636 et
734 1565 771 1636 in
788 1565 946 1666 Templis
971 1591 1147 1666 exponere
1163 1565 1258 1640 licet.
1272 1567 1359 1641 Ete-

377 1676 453 1768 nim
486 1699 560 1748 non
589 1671 748 1773 Angelici
781 1673 895 1747 solum
930 1675 1071 1778 spiritus
1103 1673 1169 1748 suh
1204 1673 1358 1758 sensibili

378 1783 493 1860 sonna
517 1798 773 1883 apparuerunt:
790 1783 853 1855 sed
877 1799 914 1857 et
930 1809 1079 1886 persona
1094 1783 1209 1856 Patris
1224 1773 1359 1856 Iacobo

379 1885 541 1994 apparuit
556 1891 594 1964 in
610 1890 755 1990 mystica
772 1891 872 1986 scala,
884 1918 1023 1966 necnon
1036 1892 1157 1966 Jesaiae
1166 1889 1206 1964 in
1220 1891 1366 1965 excelso

380 2003 479 2095 soli03
492 2019 533 2074 ut
549 2027 697 2103 persona
713 2010 853 2102 quoque
869 2003 949 2076 Filii
966 2003 1165 2078 hominihus
1180 2003 1218 2074 in
1235 2027 1364 2076 assum·

380 2129 444 2216 pta
468 2114 694 2206 humanitate,
718 2130 756 2186 et
780 2115 931 2215 Spiritus
956 2115 1102 2200 Sanctus
1122 2116 1159 2186 in
1184 2111 1362 2188 columber

380 2226 499 2328 specie
524 2219 664 2299 Christo
681 2225 774 2320 Jesu,
790 2226 828 2298 in
845 2227 1028 2326 specieque
1044 2225 1244 2324 linguarum
1269 2225 1364 2324 ignis
1469 2219 1470 2224 ’

381 2331 588 2431 Apostolico
613 2335 802 2406 consessui·
825 2335 878 2406 De
903 2334 998 2408 sacto
1022 2335 1060 2406 in
1085 2335 1232 2413 vetustis
1255 2333 1365 2404 ,nusi-

382 2441 441 2530 vis
460 2439 624 2539 operibus
649 2456 839 2514 occurrunt
863 2467 957 2544 saepe
973 2440 1162 2515 illiusmodi
1183 2440 1364 2540 Imagines·

382 2545 463 2624 Sub'
478 2548 535 2634 ‚his
560 2548 677 2645 itaque
702 2548 884 2649 speciebus
909 2549 1130 2626 sensibilibus
1146 2576 1204 2624 eas
1219 2546 1366 2650 penicil-

383 2657 421 2732 lo
446 2671 515 2752 aut,
531 2655 666 2758 scalpro
691 2684 858 2761 personas
874 2662 1072 2762 exprimere
1097 2661 1134 2732 in
1159 2659 1366 2760 temploque

384 2792 592 2868 expromere
618 2767 668 2842 sas
692 2784 756 2842 est.
781 2767 899 2868 Atque
924 2771 1001 2842 hoec
1025 2768 1185 2870 prolecto
1213 2768 1342 2842 veritas
1353 2824 1381 2861 ,.

385 2875 501 2978 quoad
526 2876 682 2978 Angelos
707 2893 865 2980 spectat,
891 2880 1021 2952 sancita
1041 2880 1116 2978 jam
1142 2894 1196 2950 est
1220 2877 1265 2948 de
1295 2875 1367 2948 fiale

386 2993 517 3082 inVlI
530 2993 650 3098 ¹‚Cone
685 2991 902 3081 oecumenioo
928 3007 994 3064 act.
1021 3017 1065 3093 7:
1100 2987 1216 3088 quood
1248 2989 1367 3060 Deum

387 3095 622 3180 xero.trinum
640 3128 680 3175 ac
697 3101 1008 3204 simplicissimum,
1025 3102 1123 3202 cujus
1140 3099 1268 3172 sensim
1284 3099 1367 3170 ima·

389 3214 487 3312 gines
511 3214 686 3289 invaluere
712 3242 732 3286 a
757 3239 841 3288 soec.
865 3215 976 3306 XIII,
1001 3214 1066 3285 etsi
1095 3238 1169 3284 non
1203 3235 1368 3312 expresse

387 3326 519 3402 sancita
543 3327 602 3398 illa
629 3329 683 3419 sic
709 3352 853 3398 erronea
878 3341 930 3398 est
956 3342 1075 3398 tamen
1101 3324 1272 3398 contraria
1289 3349 1368 3394 sen-

388 3434 497 3524 tentia
524 3434 758 3534 quorumdam
775 3435 1043 3530 Haereticorum,
1069 3434 1129 3531 qui
1154 3432 1218 3503 Dei
1240 3429 1368 3503 saltem

262 3543 264 3550 ’
364 3539 677 3640 'Angelorumque
702 3541 870 3640 imagines
896 3541 1085 3616 traducunt
1109 3540 1256 3612 illicitas.

440 3652 592 3722 Rursum
619 3677 691 3723 non
709 3651 838 3723 Christi
856 3651 999 3724 Domini
1025 3651 1150 3740 solum,
1167 3646 1230 3720 sed
1248 3662 1284 3718 et
1300 3671 1369 3718 ser-

391 3787 514 3846 ‚vorum
551 3764 681 3836 Christi
715 3764 993 3863 sanctorumque
1026 3763 1198 3862 imagines
1223 3775 1366 3833 statuas-

390 3898 460 3970 que
485 3873 529 3959 ad
554 3865 689 3949 cultum
715 3875 890 3948 elaborare
916 3893 952 3948 et
977 3876 1137 3976 religiose
1166 3873 1279 3968 ubiuis
1311 3898 1369 3943 ex·
