2932 4970
309 577 352 624 ou
370 571 637 621 rucauu.1²oss1u.
656 572 698 617 ur
717 570 793 620 nov.
811 569 883 618 aur.
1017 548 1086 618 ..69

96 665 190 785 'qui‘
197 661 239 733 de
265 685 375 757 regno
397 683 478 729 cum
496 654 637 726 Herode
655 653 836 726 contendit
836 679 1012 751 ‚eumque
1030 679 1088 728 vo·
1110 713 1111 716 ,

106 773 197 847 cavit
222 768 406 842 hominem
425 767 607 864 privatum
632 779 666 836 et
695 764 912 851 Idumoeum,
941 760 1011 834 hoo
1037 777 1089 834 est

76 970 80 979 Ι
106 883 229 953 semi·
204 877 423 963 -Judaeum,
449 890 555 976 prout
580 872 688 946 refert
713 872 808 945 idem
826 873 991 947 Flavius
982 900 1019 945 in
1039 873 1087 945 14

107 991 380 1088 Antiquitatum.

157 1097 215 1171 Ad
232 1100 318 1189 haee,
334 1095 464 1171 vetusti
482 1110 559 1166 tum
577 1094 755 1166 christiani
773 1110 849 1166 tum
871 1091 980 1193 judaei
998 1077 1089 1164 s'cri·
1117 1170 1120 1178 ,

87 1227 225 1312 ¹ptores
245 1209 323 1307 jure
340 1206 378 1278 id
394 1205 630 1306 praedicarunt
656 1205 925 1305 fulgidissimum
951 1229 1025 1278 esse
1043 1201 1088 1274 de
1128 1195 1130 1200 ’

107 1320 249 1392 Christo
274 1317 488 1390 vaticinium.
512 1317 603 1390 Nam
629 1343 750 1391 revera
766 1317 970 1390 hebraicum
990 1314 1086 1389 Seilo

107 1431 270 1530 congruit
304 1429 481 1528 aptissime
517 1429 657 1501 Christo
683 1429 884 1520 Nannieno,
909 1427 976 1500 ubi
1003 1427 1089 1528 yelis

105 1539 193 1624 illud
209 1539 443 1637 interpretari,
460 1540 521 1635 qui
538 1538 742 1626 mittendus,
759 1542 823 1637 qui
838 1537 1087 1614 venturus'est:

88 1653 136 1723 is
162 1674 315 1747 namque
334 1649 608 1722 antonomastice
626 1646 695 1720 dici
711 1649 902 1722 mittendus
928 1648 1093 1750 apprime

104 1772 246 1880 poterat
258 1811 269 1848 ‚
295 1755 354 1852 qui
380 1754 424 1826 ad
459 1755 607 1827 salutem
642 1758 848 1832 hominibus¹
876 1757 1089 1836 afferendam

84 1867 231 1941 ‚missus
257 1864 367 1936 suita
394 1865 480 1958 Deo,
505 1865 776 1965 missionemque
802 1894 900 1939 suam
926 1867 1024 1939 omni
1050 1867 1089 1972 si·

85 2043 89 2048 .
107 2002 260 2082 gnorum
286 2001 412 2074 genere
436 1976 688 2076 comprobavit
705 1975 854 2066 Quod
829 2003 867 2069 s1,
885 1990 925 2046 ut
941 1970 1001 2047 alii
1014 2000 1089 2049 ver·

105 2099 188 2154 tunt
209 2086 307 2183 juxta
334 2084 590 2156 Samaritanum
617 2102 766 2178 textum,
783 2111 847 2186 per
866 2084 961 2158 Scito
988 2081 1088 2155 malis

105 2193 299 2291 intelligere
317 2194 533 2292 praessum,
559 2222 676 2268 nonne
694 2199 752 2269 hie
769 2211 823 2267 est
841 2191 1036 2284 Christus
1026 2219 1087 2265 im·
1089 2186 1093 2288 ’Υ
1115 2288 1117 2294 ι

105 2303 255 2402 primis,
280 2329 352 2374 non
378 2317 537 2376 terrenus
562 2303 624 2376 sed
650 2305 787 2378 divinus
813 2302 978 2375 Salomon
991 2357 1004 2398 ,Ι
1027 2301 1088 2400 qui

99 2435 184 2508 pax
209 2410 329 2484 nostra
354 2415 523 2490 vocatur?
549 2417 599 2488 At
624 2418 728 2488 etiam
748 2417 844 2489 Scito
863 2407 1012 2486 reddant
1028 2411 1086 2487 alii

106 2523 244 2596 Filium
270 2524 393 2613 [κάτω
419 2552 536 2598 nonne
562 2530 583 2600 J
587 2528 662 2602 udae
688 2555 810 2628 nepos,
827 2527 960 2600 caeteris
977 2527 1088 2597 onmi-

104 2633 173 2707 bus
189 2632 366 2728 illustrior,
384 2635 449 2708 fuit
465 2640 565 2729 ⁴Jesus
583 2668 602 2712 e
619 2639 810 2714 Nazareth?
827 2635 989 2712 Reddant
1005 2664 1087 2737 quo

106 2773 177 2844 que
202 2748 360 2820 nonnulli
385 2748 429 2820 ad
455 2767 620 2848 quartum
645 2754 740 2822 hunc
755 2749 901 2822 modum
919 2748 1088 2846 ex.‚Aqui·

105 2856 151 2928 lae
165 2862 201 2928 et
218 2860 419 2958 Symmachi
437 2862 738 2961 interpretatione,
750 2862 862 2934 donee
881 2863 997 2954 veniat
1014 2857 1086 2948 ille,

104 2973 170 3042 eui
192 2959 407 3045 reservatum
432 2990 484 3046 est
509 2999 658 3072 regnum
668 3003 684 3062 ,·
710 2975 856 3046 mirifice
882 2972 919 3044 id
945 2973 1086 3047 Christo
1122 3062 1124 3066 Ι

104 3085 281 3181 congruit,
308 3085 369 3181 qui
394 3111 544 3184 regnum
564 3085 670 3158 nullis
687 3103 890 3186 temporum
907 3085 1088 3158 curriculis

103 3191 277 3292 nullisque
294 3194 452 3268 locorum
471 3198 601 3297 spatiis,
617 3223 683 3270 nec
700 3198 868 3295 angustiis
889 3198 1085 3270 Chananeae

107 3322 212 3376 terrae
231 3307 521 3408 contrahendum,
540 3307 601 3381 sed
618 3325 792 3381 aeternum
809 3334 849 3380 ac
865 3309 1087 3399 immensum,

105 3442 238 3488 novum
265 3433 301 3488 et
327 3417 478 3517 spiritale
503 3447 567 3520 per
593 3420 727 3512 orbem,
752 3447 851 3492 suam
877 3445 1087 3519 quaquaver-

2 3594 3 3597 ,
105 3552 165 3597 sus
190 3527 388 3600 Ecclesiam
410 3527 600 3622 fundando,
625 3528 809 3603 stabilivit:
836 3555 931 3628 ergo,
948 3527 1085 3604 favente

90 3639 267 3712 *omnium
301 3665 440 3736 quoque
468 3640 667 3716 versionum
692 3642 728 3708 et
752 3635 1007 3762 paraphraseon
1033 3664 1086 3710 au·

95 3739 280 3844 ctoritate,
305 3751 444 3824 Messias
462 3776 481 3822 a
500 3750 631 3826 Jacobo
647 3750 902 3858 praenuntiatus
919 3764 972 3824 est
990 3749 1086 3824 Chri·

107 3874 182 3930 stus
197 3807 309 3932 Jesus.
