2942 4962
222 511 265 560 on
290 504 420 558 cnutsrr
444 503 572 555 rtrutrs
596 505 648 554 rr·
665 503 802 554 orrrcus
824 507 937 556 norun
991 469 1074 586 4³37:

145 591 249 666 Dices
274 587 389 664 etiam.
406 591 490 666 Haec
506 590 707 690 propositi0,
734 588 893 664 Christus
909 607 949 663 ut
961 589 1068 666 domo

98 707 195 778 Deus
220 719 297 790 est,
321 715 375 772 est
397 697 482 770 salsa
516 689 562 771 ob
595 697 887 798 duplicationem:
913 715 1069 798 ergoet

100 815 176 886 haec
201 811 284 884 salsa
310 825 381 902 est,
400 806 559 880 Christus
583 823 624 879 ut
648 805 755 880 bomo
780 823 831 882 est
855 810 971 882 Filius
995 812 1066 884 Dei

99 921 283 996 muratis.
307 894 352 1016 ld.
376 919 418 992 N.
443 919 637 1017 paritatem.
671 917 771 988 Prior
796 915 937 1015 quidem
963 945 1066 990 enun·

95 1033 196 1104 ciatio
222 1031 369 1102 sumitur
396 1027 654 1124 reduplicative,
679 1035 924 1125 spectaturque
949 1028 1069 1098 huma·⁵

19 1163 20 1174 ³
94 1142 182 1212 nitas
206 1137 382 1210 abstractu
407 1163 426 1206 a
445 1135 559 1210 divina
575 1134 683 1208 Verbi
699 1161 857 1236 persoua3
874 1135 936 1208 sed
951 1143 1068 1210 secun·

19 1311 21 1346 t

19 1261 20 1270 ’
95 1249 138 1320 da
163 1242 391 1344 specificative
417 1246 514 1316 etin
543 1261 730 1337 concreto,
764 1271 805 1319 ac
838 1271 958 1318 sensus
991 1261 1067 1318 est:

19 1349 20 1422 i
95 1357 254 1428 Christus
278 1357 397 1443 homo,
422 1378 483 1424 seu
507 1351 664 1424 Verbum
690 1356 727 1424 in
756 1345 969 1426 humanitate
994 1351 1069 1425 sub-

19 1451 20 1478 *
95 1466 231 1555 sistens,
255 1477 308 1534 est
332 1461 440 1532 Filius
465 1461 530 1532 Dei
556 1461 741 1554 naturalis3
768 1461 861 1560 quod
891 1464 1066 1538 verissime

92 1575 248 1662 effertur,
274 1568 418 1644 cadente
444 1573 583 1644 nonnisi
607 1574 644 1642 in
668 1599 864 1673 personam,
881 1589 921 1644 ut
937 1562 1068 1666 monui,

89 1682 305 1782 proprietate
318 1681 500 1754 filiationis.
515 1713 550 1749 κ
562 1681 665 1755 Unde
683 1683 787 1756 etiam
805 1683 960 1773 ulterius,
972 1680 1068 1780 quod

89 1793 238 1865 tandem
262 1792 446 1891 aliquando
470 1809 631 1867 notatum
657 1819 797 1892 quoquc
823 1793 948 1884 velim,
973 1794 1068 1866 novi·

92 1905 165 1974 tius
190 1903 320 1975 corruit
345 1891 625 2000 Berruyerismus
651 1928 711 1974 seu
737 1927 868 1976 novum
895 1899 1021 1999 dogma
1045 1924 1066 1970 a

19 2015 20 2090 ᾖ
90 2011 299 2108 Berruyerio
333 2033 518 2102 recusum,
552 2009 595 2082 ab
621 2012 762 2110 ejusque
792 2010 943 2082 Doctore
980 2023 1067 2106 prae·'

95 2117 297 2210 formatum,
322 2117 381 2191 illo
407 2145 535 2220 nempe
560 2119 751 2214 Harduino'‚
777 2121 848 2218 qui,
872 2116 964 2191 orbis
982 2117 1069 2188 titte-

92 2231 161 2299 rati
181 2231 513 2327 ponentum,‘doctc
525 2230 755 2328 fibricituns,
782 2227 985 2324 uenerande
1005 2254 1069 2300 an·

93 2340 259 2434 tiquitatis
284 2338 412 2426 cultor,
426 2339 530 2410 simul
547 2355 583 2410 et
599 2365 643 2412 ex
658 2341 803 2425 Verneti
819 2337 995 2440 epitaphio
1011 2335 1068 2408 de·-

19 2509 20 2518 ,
85 2447 264 2544 praedator
287 2451 424 2521 eutitit:
451 2451 579 2547 quique
605 2465 723 2522 nostra
748 2454 814 2522 hac
830 2450 866 2520 in
882 2473 921 2518 re
939 2444 1065 2547 prodo·

92 2554 176 2644 cuit,
200 2555 329 2628 Christi
354 2557 609 2628 humanitatem
630 2560 668 2629 in
693 2575 801 2651 recto,
818 2573 857 2628 ut
873 2556 948 2627 fuse
965 2552 1069 2653 expli·

93 2677 176 2734 cant
199 2663 474 2763 impugnantque
491 2665 694 2763 Legrandus
712 2667 848 2763 aliique,
864 2690 938 2736 esse
956 2663 1069 2734 dicen·

94 2769 182 2841 dum
205 2771 335 2844 Filium
355 2774 425 2844 'Dei
450 2774 553 2845 unius
579 2789 614 2844 et
638 2775 723 2867 veri,
748 2775 858 2845 tribus
883 2774 920 2844 in
948 2774 1068 2844 Perso-

92 2879 146 2949 nis
172 2878 401 2974 subsistentis,
425 2907 549 2956 verum
574 2908 614 2956 ae
639 2881 843 2954 naturalem.
869 2881 984 2970 Quam
1009 2904 1066 2964 no·

92 2989 168 3060 xius
185 2990 233 3062 sic
249 3017 345 3064 error
362 2995 552 3065 extruitur!
579 3008 656 3064 tum
673 2991 748 3064 aliis
764 2997 889 3071 tamen,
900 2982 1067 3090 ritepon·

92 3094 229 3190 demtis,
254 3115 331 3171 tum
351 3100 425 3198 jam
450 3127 493 3174 ex
516 3101 697 3176 distribute
714 3100 851 3174 traditis
868 3098 912 3174 de
928 3097 1068 3172 idioma·

94 3221 170 3280 tum
196 3215 511 3286 communicatione
537 3213 723 3286 subruitur.
836 3237 837 3240 ’

143 3319 293 3422 Objieies
318 3325 356 3394 in
381 3327 403 3396 2
426 3325 580 3398 Thesim.
599 3327 636 3398 Si
654 3325 813 3398 Christus
830 3339 883 3400 est
898 3321 1065 3396 Ecclesiae
1108 3361 1110 3364 ·

96 3431 220 3532 Caput,
246 3433 337 3506 soret
362 3436 468 3508 etiam
492 3435 694 3512 membrum
718 3437 896 3527 Ecclesiam
920 3459 1001 3506 uam
1018 3458 1068 3506 ca·

92 3555 157 3638 put
182 3542 338 3614 naturale
363 3560 416 3618 est
440 3546 640 3618 membrum
657 3547 815 3646 corporis
832 3544 1005 3618 naturalis:
1023 3557 1068 3613 at·

19 3711 20 3724 ,
94 3651 164 3747 qui'
178 3653 215 3724 id
239 3654 307 3728 dici
331 3681 403 3728 non
427 3674 562 3757 potest:
589 3683 673 3756 ergo
698 3683 812 3754 neque
837 3655 932 3727 illud.
958 3630 1001 3749 ld.
1025 3653 1066 3724 N.

94 3763 267 3860 sequelam
293 3769 441 3868 majoris.
466 3768 607 3841 Etenim
633 3769 764 3840 morale
799 3783 904 3866 caput
937 3767 974 3836 in
999 3767 1073 3835 hoe

94 3868 310 3951 disconvenit
335 3903 354 3950 a
379 3877 535 3971 naturali,
554 3877 648 3976 quod
665 3903 736 3950 nou
754 3876 878 3950 habeat
893 3876 1063 3947 rationem
