2932 4970
401 535 451 596 nn
466 537 626 596 ‘ncctnsu
649 539 783 595 causa
1028 511 1101 599 ”tt-

98 631 174 713 soit
198 626 364 728 Judaeus‚'
374 625 424 708 sie
440 651 537 709 recte
553 635 673 707 Estius
690 633 836 734 exponit
851 631 1025 709 variantes
1040 637 1088 708 ins

94 761 153 824 ter
169 749 264 842 alios,
281 751 342 848 qui
359 764 479 820 tamen
496 748 518 820 J
520 749 594 820 urio
612 767 794 845 nunquam
811 745 948 821 favent:
978 779 996 818 n
1012 752 1085 822 'Exi

97 859 224 958 positio
249 857 340 929 illius
366 857 603 932 contrahenda
628 856 753 946 estad
778 854 992 951 doctrinan*
1005 865 1089 958 quaa·

96 965 331 1038 fundamento
355 982 462 1040 rectae
475 992 538 1039 ac·
554 987 652 1040 sanae·
672 965 778 1060 fidei,
804 966 900 1066 quod
925 969 1090 1060 'Christus

98 1092 174 1168 ests
191 1075 456 1176 superstruitur,
481 1093 522 1148 ut
535 1074 711 1150 uidelicet
727 1101 792 1176 per
809 1099 945 1168 aurum,
970 1101 1091 1175 argens

60 1201 62 1204 ’
92 1201 176 1258 tum
201 1204 238 1258 ct
265 1185 396 1288 lapides
421 1187 594 1288 pretiosos
619 1185 834 1285 intelligatur
852 1185 1010 1260 doctrina
1027 1204 1091 1288 pue

96 1318 159 1391 ta,
186 1291 321 1373 sincera
346 1317 383 1372 et
408 1299 518 1373 solida
545 1297 746 1373 conducens
772 1297 817 1371 ad
838 1301 1007 1400 pictatem
1025 1353 1034 1371 .
1052 1314 1090 1372 ti

95 1435 162 1509 per
177 1409 271 1510 ligna
287 1431 372 1484 varo
389 1424 426 1480 ct
443 1409 581 1482 soenum
598 1425 634 1480 et
651 1407 817 1508 stipulam
835 1407 995 1482 doctrina
1017 1423 1093 1482 non

95 1522 247 1620 quidem
272 1523 438 1595 haeretica
463 1537 524 1592 aut
548 1521 766 1621 perniciosa,
791 1519 877 1594 talis¹
899 1521 994 1592 enim
1011 1519 1092 1592 ¹lun·

98 1633 310 1706 damentum
321 1685 325 1692 ff
336 1632 544 1724 destrueret,
570 1631 632 1704 sed
656 1634 774 1706 miuus
801 1634 935 1706 sincera
960 1633 1093 1706 minus

101 1773 172 1842 que
200 1743 321 1837 solida,
346 1743 455 1818 veluti
473 1745 502 1818 si
525 1745 688 1816 humanis
705 1767 747 1821 ae
763 1745 1014 1846 philosophicis
1031 1758 1093 1815 aut

101 1855 211 1925 etiam
232 1852 379 1954 judaicis
405 1853 631 1955 opinionibus
655 1845 824 1926 admixta.⁴
842 1883 859 1922 a

151 1967 196 2040 ΙΙ.
209 1964 366 2039 Alteram
380 1985 477 2038 nunc
494 1965 757 2066 perpendamus
773 1956 944 2038 Ecclesiae
954 1957 1094 2054 Nouam,

96 2103 179 2174 quae
205 2077 243 2148 in
269 2077 398 2177 triplici
425 2077 533 2149 ctiam
550 2093 587 2149 et
612 2075 840 2150 fundatorum
857 2090 893 2146 et
908 2072 1094 2175 professio}

95 2185 219 2259 nisae
254 2184 450 2278 doctrinae,
479 2187 812 2288 praecipuorumque
847 2182 1093 2282 membrorum

98 2293 300 2366 Sanctitate
324 2295 493 2366 consistit.-
518 2295 698 2397 Principio
726 2293 857 2368 verbis
878 2293 963 2393 ipsis
990 2290 1092 2391 Apu*

97 2406 178 2480 stoli
197 2405 227 2479 Ι5
254 2405 300 2478 ad
325 2409 458 2507 Ephes.¹
485 2410 576 2482 hanc
600 2409 742 2508 ligimus
762 2408 1009 2496 'assertionem5
1027 2405 1092 2476 eis·

100 2516 255 2618 demque
280 2519 493 2620 probamus:
520 2519 684 2596 Christus
699 2521 838 2594 'dilexit
862 2515 1092 2600 Ecclesiam,

97 2645 132 2702 et
157 2629 302 2702 tradidit
326 2628 483 2731 seipsum
500 2650 571 2738 pro
587 2659 644 2720 ea,
660 2650 701 2706 αι
718 2634 820 2705 illam
841 2628 1092 2723 scientificoret‘,

25 2779 27 2783 ·
97 2756 139 2812 ut
164 2744 209 2814 sit
226 2757 369 2814 'sonato
395 2749 430 2816 el
455 2745 710 2815 immaculata:
742 2759 827 2839 ergo
861 2753 981 2811 saneta
1015 2761 1092 2807 esse
1181 2735 1183 2740 ’

98 2845 207 2924 debet
225 2853 365 2925 Christi
389 2879 470 2926 vera
494 2853 665 2945 Ecclesia,-
691 2870 815 2951 estque
832 2850 945 2950 reipsa
970 2861 1091 2919 sancta

98 2985 152 3051 ea,
179 2985 285 3058 quam
312 2963 442 3053 censui,
468 2962 672 3060 sanctitatep
686 2949 725 3032 in
750 2981 824 3058 quo
846 2959 915 3058 ipsi
933 2978 1020 3060 cum¹
1032 2954 1093 3025 Or·

97 3071 262 3145 thodoxis
279 3073 507 3146 Haeterodoni
520 3074 733 3174 conspirant.
747 3070 818 3143 Sed
835 3082 967 3168 negant
987 3065 1023 3136 hi
1038 3061 1093 3136 'rass

99 3180 185 3256 bido
211 3209 295 3257 cum
320 3185 432 3277 turio,
457 3211 522 3285 per
547 3183 851 3282 exaggerationem
868 3196 904 3252 et
925 3176 1092 3251 calumni-

98 3319 181 3386 am,
206 3295 636 3370 Catholico-Romanam
662 3287 844 3368 sanctime
871 3289 987 3393 potiri.
1015 3286 1090 3377 At,

95 3427 199 3506 ¹versa
226 3408 314 3500 vice,
340 3406 413 3480 sola
438 3405 596 3480 Ecclesia
621 3408 780 3481 Romana
797 3419 851 3476 est
868 3415 1092 3490 sancta,·san·
1118 3483 1119 3486 Ἴ

102 3519 234 3611 ctitate,
260 3527 341 3618 quae
366 3531 451 3592 nota
477 3515 648 3592 estserae
674 3517 808 3590 Christi
831 3510 1011 3586 Ecclesiae.

153 3633 284 3703 Annon
310 3633 385 3731 ejus
410 3646 537 3704 auctor
558 3629 719 3702 Christus
744 3627 824 3700 lons
840 3623 1090 3698 est'univers'ae

100 3738 323 3812 sanctitatis-l
349 3764 468 3810 annon
492 3737 661 3810 Ecclesiae
697 3735 900 3808 fundatores
929 3727 1095 3830 Apostoli·

102 3863 139 3918 et
164 3849 347 3950 apostolici
372 3850 449 3923 Viri
474 3847 607 3921 nedum
634 3846 799 3920 exteriori
824 3845 1090 3951 canditatus&

101 3985 185 4032 rum*
211 3976 247 4033 et
272 3963 494 4038 coram-Deo
520 3957 933 4060 immansuetisque
949 3951 1026 4028 orbi
1040 3961 1090 4018 te*
