2932 4970
404 477 451 556 36
749 491 894 546 massar.
920 493 1039 544 anona

402 582 714 666 excommunicatis
731 598 870 672 autem,
896 597 932 654 et
957 579 1002 654 da
1026 581 1411 657 excommunicatione
1459 631 1460 650 ι

400 704 438 776 in
462 696 703 774 refractarium
717 692 787 764 latu
804 684 1029 794 peccatorem
1054 692 1290 766 communitor
1315 692 1411 764 DD.
1459 681 1460 736 l

401 815 679 912 interpretantur
695 807 764 880 hoc
782 804 911 876 Christi
937 805 1036 882 Mate.
1056 804 1115 895 18,
1133 829 1162 875 ιι
1156 804 1409 878 Ecclesiam

402 945 477 1000 non
491 916 655 1011 audierit,
668 917 712 988 sit
729 911 794 986 tibi
809 915 902 986 sicut
917 909 1096 987 Etlznicus
1112 927 1147 984 ct
1159 911 1411 986 Publicianus:¹

401 998 595 1111 Ethnicum
620 1047 705 1108 vero
722 1037 758 1094 et
773 1047 846 1094 non
870 1019 1087 1120 baptizatum
1112 1019 1290 1098 infidelem
1315 1047 1411 1122 pare

400 1153 478 1234 tem
512 1125 642 1226 Christi
667 1130 836 1210 Ecclesiae
862 1130 1099 1221 constituere,
1124 1131 1204 1228 quis
1233 1129 1409 1208 effutiat?

403 1221 521 1340 Quare
548 1244 656 1344 Cypr.
673 1241 718 1324 ad
734 1243 944 1342 Pompejum
961 1267 1016 1340 ep.
1035 1243 1094 1331 62,
1111 1240 1261 1338 spirtuali
1275 1239 1408 1336 gtzclio

403 1370 439 1428 ct
463 1351 663 1450 superbiet
686 1367 917 1436 contumaces
942 1349 1236 1438 accelerandum
1261 1347 1304 1430 dc
1329 1353 1412 1422 Ec-.

403 1463 511 1540 alesia
535 1463 746 1559 ejicientem
764 1475 831 1550 ιιι
824 1461 918 1552 inc.
945 1459 1052 1560 tEp.
1078 1457 1123 1530 ad
1149 1461 1220 1532 Tit.
1238 1461 1271 1532 S.
1299 1459 1408 1540 Hier

392 1573 626 1672 fornicator,
651 1574 720 1666 ait,
744 1572 904 1662 adulter,
930 1571 1111 1658 homicida
1137 1588 1322 1646 ecoctam
1350 1576 1407 1649 vis

309 1763 313 1772 ,
393 1687 453 1764 tia
469 1711 541 1794 per
565 1686 772 1778 Sacerdotes
801 1685 844 1758 de
869 1685 1031 1760 Ecclesia
1054 1687 1318 1786 propelluntur.

455 1798 563 1904 Quod
588 1799 617 1872 si
642 1798 734 1874 inste
759 1799 906 1892 Patres,
931 1815 1039 1904 prout
1064 1798 1283 1896 Augustinus
1316 1799 1402 1870 Lib.

403 1926 525 2006 contra
550 1911 752 1996 Donatistae
768 1935 799 1997 c.
818 1913 877 2002 20,
894 1911 1220 1990 excommunicatos
1246 1935 1319 1982 non
1347 1936 1404 1982 se-

405 2021 523 2120 parari
548 2018 734 2111 adstruant
759 2045 779 2090 a
805 2019 939 2120 populo
956 2037 994 2098 et
1010 2019 1167 2092 Ecclesia
1193 2019 1276 2096 Dci:
1295 2019 1403 2118 aptis-

404 2123 494 2208 sitne
521 2157 582 2216 eos
606 2133 673 2204 PP.
698 2131 857 2231 intellige
883 2131 940 2206 vel
966 2132 1011 2204 dc
1029 2132 1402 2205 excommunicatione

404 2243 556 2340 mincii,
583 2269 662 2341 quoe
686 2243 847 2343 prolecto
872 2270 944 2317 non
972 2243 1142 2317 eliminat.
1157 2242 1201 2315 ab
1227 2243 1403 2316 Ecclesiae
1459 2203 1461 2350 l

405 2351 572 2431 societate
599 2368 635 2428 et
659 2351 762 2431 bonis
788 2353 964 2446 omnibus3
984 2354 1038 2427 vel
1056 2358 1164 2426 etiam
1188 2353 1233 2426 de
1258 2379 1403 2426 excom·

404 2459 645 2558 municatione
672 2461 807 2561 majori,
825 2489 931 2560 quam
950 2479 1070 2536 tamen
1087 2464 1288 2536 inficiantur
1313 2461 1403 2534 lerri
1460 2463 1461 2498 ³

405 2572 444 2646 in
469 2583 683 2672 perpetuum
709 2573 785 2649 sinc
810 2578 873 2674 spe
899 2573 1057 2668 reditus,
1087 2602 1158 2674 quo
1184 2573 1295 2674 probe
1321 2601 1402 2646 mo-

341 2731 346 2740 ·
406 2679 454 2770 do
479 2680 558 2761 illos
584 2685 736 2784 separari
761 2702 892 2784 negant
918 2713 938 2757 a
963 2686 1029 2757 Dei
1055 2685 1206 2786 populo:
1233 2685 1275 2755 fit
1299 2685 1402 2754 enim

406 2795 727 2892 excommunicatio
744 2795 965 2896 adtempus,
991 2811 1032 2874 ut
1056 2797 1122 2868 hac
1147 2793 1322 2869 medicina
1348 2819 1403 2867 re·.

404 2903 588 2986 fractarius
611 2906 661 2980 ud
683 2905 914 2988 humiliorem
945 2906 1141 3005 paenitendi
1175 2905 1297 2976 locum
1327 2902 1402 2974 adi·

407 3031 520 3116 gatun
544 3016 624 3103 Non
653 3043 740 3117 ergo
775 3033 878 3094 nutat
911 3016 999 3094 illud
1033 3031 1141 3117 eaput
1175 3011 1400 3102 assentioni83

405 3117 503 3222 quod
527 3129 647 3225 potius
665 3131 748 3224 jure
766 3129 873 3218 etiam
896 3128 1078 3205 Canonico
1095 3125 1292 3200 roboratur.
1317 3124 1402 3194 Imo

405 3248 481 3310 tota
504 3233 553 3321 ad,
578 3233 733 3332 solidum
759 3236 904 3313 assertio
930 3251 1050 3312 nostra
1077 3263 1121 3312 ex
1148 3235 1315 3311 Ecclesiae
1341 3231 1401 3304 de·

406 3346 565 3441 finitione
590 3360 717 3446 suopte
744 3371 848 3423 cursu
872 3344 1039 3439 dimanat
1067 3373 1257 3446 quacum
1236 3346 1401 3417 Viatores

406 3455 616 3556 baptizatos,
641 3471 747 3572 atque
773 3453 982 3537 eorumdem
1009 3458 1326 3531 Sacramentorum
1339 3453 1400 3526 bo·

407 3573 608 3665 Πῡιιιιῐιιιιιθ
624 3592 690 3666 per
707 3592 747 3646 ea
757 3569 1011 3664 communium
1023 3569 1296 3670 participatione
1327 3562 1399 3636 col·

406 3675 578 3778 ligatos,
568 3706 607 3752 ιιι
624 3681 729 3760 'coetu
756 3679 926 3756 Ecclesiae
954 3681 1132 3784 complexi
1157 3707 1289 3754 sumus

459 3790 519 3860 IV.
544 3792 708 3889 Denique
734 3806 769 3863 et
795 3788 1066 3878 Schismatico's,
1084 3806 1145 3889 qut
1140 3789 1290 3887 palem
1309 3813 1332 3858 ιι
1351 3786 1397 3856 le·

405 3903 531 4001 gitimc
557 3903 703 4004 Pastore
727 3904 953 4003 cksciscunt,
982 3904 1163 4003 »propria
1188 3901 1325 4004 {sponte
1360 3913 1397 3987 et

545 4157 720 4174 ‚stanna-nnn
734 4155 803 4168 nau-.-
