2908 4962
362 454 436 531 tot
624 477 685 526 an.
711 479 746 530 rr
772 477 941 528 seorroms
967 479 991 528 u
1021 477 1088 528 cr
1189 503 1194 510 -

357 568 465 648 nitate
492 562 625 652 habitet
649 566 766 638 omnis
785 563 971 662 plenitudo
997 563 1188 638 divinitatis
1222 588 1358 664 corpo-

359 678 491 765 raliter,
515 677 630 775 inquit
654 675 857 777 Apostolus,
882 702 943 748 seu
968 675 1107 750 realiter
1132 691 1168 748 et
1184 677 1352 776 physice3
1435 719 1436 730 κ

359 785 456 890 quod
481 787 649 859 nimirum
674 787 770 858 Deus
795 813 906 858 unum
933 785 1021 884 quid
1044 785 1156 858 lactus
1185 786 1230 858 sit
1256 812 1352 859 cum

359 900 526 988 homine,
561 897 647 969 dum
682 896 747 970 sibi
783 898 960 998 copulavit
993 899 1267 970 humanitatem:
1305 899 1352 970 in

318 1031 320 1036 ’
360 1032 429 1106 qua
455 1003 519 1078 sub
545 1003 671 1076 habitu
697 1009 710 1102 (
732 1032 845 1104 graeoe
863 1019 971 1088 extruo
993 1007 1007 1102 )
1032 1005 1123 1078 idest
1148 1005 1212 1078 suh
1229 1007 1350 1104 figura

359 1131 501 1190 externa
534 1115 686 1187 hominis
712 1115 841 1188 latebat
876 1117 993 1190 divina
1018 1116 1127 1204 Verbi
1153 1118 1350 1216 majestas3

360 1225 590 1325 quamohrem
617 1227 776 1298 Christus
801 1229 1019 1326 singulariter
1044 1244 1119 1300 erat
1152 1227 1349 1300 Deus-ho·

359 1361 430 1426 mo,
456 1351 496 1406 ut
521 1335 791 1432 Chrysostomus
808 1353 843 1408 et
861 1339 892 1408 T
895 1336 1090 1437 cophilatus
1107 1337 1215 1435 ajunt.

410 1446 488 1544 Obj.
507 1447 540 1516 2.
567 1446 625 1516 SS.
651 1447 771 1518 Patres
790 1448 998 1548 Cyprianus,
1015 1447 1175 1537 Hilarius,
1191 1445 1348 1518 Ambro-

360 1558 442 1647 sius,
468 1558 685 1654 Augustinus
710 1556 770 1628 lib.
789 1559 828 1629 ll
855 1558 898 1630 de
926 1559 1000 1630 Civ.
1019 1558 1084 1629 Dei
1109 1557 1238 1655 aliique
1264 1557 1346 1628 scri-

357 1664 459 1756 bunt,
484 1664 611 1736 Filium
637 1667 702 1737 Dei
731 1665 915 1740 hominem
941 1667 1177 1767 assumpsisse.
1197 1665 1345 1737 1011051-

359 1773 427 1846 lius
454 1774 635 1846 Christum
661 1792 763 1848 vocat
788 1773 972 1848 hominem
999 1774 1184 1870 Dep‘irnm
1197 1801 1212 1862 ;
1239 1773 1346 1844 Atha·

358 1885 475 1955 nasius
501 1901 620 1956 autem
645 1884 810 1982 idemque
837 1884 1054 1983 Augustinus
1071 1882 1289 1977 Deificutum
1306 1898 1362 1952 et.

359 1994 605 2066 Domtnicum.
631 1996 743 2067 Vocat
769 1993 913 2066 demum
931 1996 1168 2066 Damascenus
1188 1991 1345 2062 humani·

359 2116 470 2172 tatem
495 2101 555 2172 lib.
583 2103 603 2174 3
633 2102 676 2174 de
702 2103 787 2177 Fide
814 2104 1004 2188 diuinitatis
1038 2105 1343 2176 instrumentum:

360 2189 762 2310 611ςο616..11.0(11““ι
789 2217 840 2286 sio
866 2213 1128 2313 distinguendo:
1156 2215 1270 2311 ajunt,
1295 2239 1344 2282 as·

360 2323 548 2422 sumpsisse
575 2321 773 2412 hominem,
800 2342 835 2395 et
862 2343 1006 2396 sumunt
1030 2327 1235 2424 improprie,
1261 2350 1356 2400 noun

361 2433 447 2502 dum
472 2447 590 2502 exorta
617 2434 740 2504 haeresi
764 2435 937 2526 Nestorii,
964 2452 1168 2507 concretum
1195 2461 1259 2533 pro
1285 2433 1344 2504 ab·

360 2559 512 2648 straete,
539 2542 631 2614 idest
658 2546 839 2615 hominem
865 2572 929 2644 pro
955 2548 1108 2645 perlecta
1135 2572 1282 2646 corpore
1308 2560 1344 2614 et

361 2657 478 2728 animo
503 2657 731 2748 humanitate,
757 2656 922 2750 concedo,
946 2675 980 2728 61
1006 2659 1200 2756 significant
1226 2683 1343 2757 perso-

284 2783 285 2788 ’
358 2793 440 2848 nam
458 2766 617 2858 hominis,
629 2793 740 2865 nego:
756 2769 913 2866 Namque
939 2767 987 2840 illi
1012 2771 1132 2840 Patres
1157 2768 1200 2840 ab
1227 2766 1341 2840 errore

358 2879 518 2970 Nestorii,
532 2897 699 2976 quantum
716 2878 819 2951 distat
834 2883 956 2953 veritas
970 2879 1099 2971 010160,
1113 2909 1213 2952 sensu
1228 2882 1294 2980 ipsi
1308 2896 1343 2952 et

360 3007 481 3062 mente
501 2991 689 3062 distabant:
709 3017 815 3088 quare
833 2991 926 3062 idem
944 2992 1171 3089 Augustinus,
1184 2993 1244 3089 qui
1261 2991 1345 3090 obji-

363 3103 465 3192 citur,
484 3103 601 3172 Tract.
619 3103 666 3170 49
685 3103 720 3172 10
738 3103 792 3174 Jo.
809 3102 1083 3174 luculentissime
1102 3104 1252 3202 scripsit,
1269 3105 1343 3174 crni-

361 3239 421 3284 mo
431 3229 464 3284 ct
475 3237 558 3284 curo
572 3210 704 3284 Christi
716 3238 800 3284 cum
815 3214 933 3300 Verbo
946 3217 1014 3286 Dei
1031 3221 1343 3312 utramontani,

360 3347 455 3394 nrzus
471 3319 636 3395 Christus.
649 3335 709 3393 est.
727 3321 784 3391 Ad
800 3323 871 3413 lum,
884 3323 1035 3395 Basilius
1049 3325 1229 3396 Christum
1244 3348 1342 3396 voca·

361 3427 412 3498 Vll
427 3453 498 3498 110ss
515 3425 698 3500 hominem
723 3427 925 3524 Delfhl'llm,
954 3433 1108 3516 8611Σαρκα
1123 3447 1248 3518 ltipopor,
1265 3431 1354 3504 CM?

364 3561 449 3606 nem
466 3534 666 3646 Deisemm,
679 3536 773 3634 quod
791 3561 910 3612 revera
928 3541 1126 3611 humanitas
1147 3541 1263 3612 Deum
1280 3537 1344 3608 fer-

363 3659 418 3714 ret
433 3645 497 3716 sibi
514 3647 732 3744 hypostatice
751 3646 898 3717 unitum.
908 3649 1116 3732 Athanasius
1133 3674 1216 3722 vero
1230 3665 1266 3718 61
1278 3645 1364 3739 Au„

365 3755 522 3851 gostinus
550 3757 728 3828 Christum
746 3749 910 3830 dixerunt
935 3761 1132 3831 Hominem
1150 3759 1343 3852 ,Dafionn

363 3880 405 3936 et.
423 3867 671 3952 Dominicnm,
698 3893 738 3939 eo
765 3865 857 3964 quod
885 3867 930 3940 oh
958 3869 1122 3953 unionem
1153 3864 1343 3968 hypostati·
1416 3965 1417 3975 ἵ
