2932 4970
396 493 439 542 na
464 492 619 542 recursu
643 491 774 540 cancri
1022 469 1071 541 49

90 578 233 677 b'il'em',
250 581 357 681 quani
382 579 448 680 ipsi
473 577 518 651 ad
541 577 658 651 lucem
688 577 986 650 excitaverint-0
1010 581 1078 650 ino.

83 691 283 793 pudentem
318 713 439 762 vocem
456 695 471 760 l
495 713 518 760 o
542 687 661 759 insana
686 687 825 786 capita,
850 713 930 785 quae
955 687 992 759 in
1016 715 1075 762 ne·

89 806 191 906 gotio
216 801 309 895 fidei,
334 801 436 900 quale
460 798 556 873 istud
581 800 745 890 omnino,
769 797 877 871 modo
901 817 1076 893 annuunt,

91 912 202 986 modo
220 915 401 984 renuunt!
427 908 525 1000 Quid
549 911 671 1007 figurae
696 907 777 1000 illoe,
806 907 934 1008 quibus
957 910 1076 984 Ecule-

87 1027 142 1098 'sia
168 1037 390 1124 comparatur
414 1022 451 1093 in
477 1019 696 1122 Scripturisl
723 1037 947 1121 comparatur
973 1021 1051 1096 Soli
1062 1061 1083 1110 ,·

88 1135 161 1234 qui-
180 1159 224 1206 ex
249 1132 319 1206 alto
344 1130 454 1230 fulget
480 1156 751 1230 quaquaversus,
767 1146 845 1203 tum
864 1130 1005 1204 cirino
1020 1159 1077 1205 su·

88 1271 157 1346 pra
181 1257 364 1334 montem,
389 1259 426 1314 et
451 1241 606 1314 lucerne
630 1241 667 1312 in
693 1239 901 1314 candelabro
930 1242 1077 1342 posim

94 1381 177 1454 quae
202 1354 419 1453 Augustinus
445 1353 490 1426 de
516 1368 721 1427 coruscante
745 1351 838 1426 illius
862 1353 1082 1445 visibilitate,

88 1466 212 1542 Pfallio
237 1467 356 1565 inique
382 1465 575 1558 obnitente,
599 1466 730 1566 passim
756 1466 958 1567 etcopiose
983 1493 1078 1540 oom-

89 1593 293 1652 mentatur.
325 1579 453 1650 Patent
484 1579 627 1678 insuper
656 1579 730 1677 ejus
758 1579 951 1680 Episcopi,
980 1593 1078 1680 patet
1203 1578 1211 1608 '

89 1689 207 1792 plebs*
220 1691 305 1790 ipsis
330 1687 488 1782 adunata,
509 1689 649 1763 visibilis
667 1705 720 1761 est
736 1705 879 1762 externa
905 1689 1078 1790 professio

91 1802 188 1894 fidei,
213 1800 360 1875 visibilia
386 1818 621 1875 sacramenta:
646 1801 805 1874 Ecclesia
827 1827 912 1900 ergo
929 1805 1004 1904 ipsa
1022 1819 1077 1876 est

90 1913 252 2000 visibilis,
268 1928 304 1986 et
320 1912 481 2014 profecto
497 1938 651 2014 semper3
670 1939 778 2012 quam
795 1927 912 2012 potest
936 1929 973 1984 et
990 1939 1077 1984 sem·

91 2053 159 2127 per
183 2042 367 2099 extraneus
391 2026 592 2124 inquirere,
617 2025 720 2097 utin
750 2050 829 2097 eam
862 2023 1078 2124 ingrediatur

91 2135 240 2210 feliciter
263 2139 454 2228 inventam,
479 2153 540 2210 aut
565 2135 685 2210 redeat
709 2134 841 2208 nefarie
868 2134 1065 2209 desertam.¹

107 2259 110 2265 ’
142 2247 277 2324 Verum
301 2277 374 2324 non
398 2249 600 2342 ridebatur,
625 2251 743 2350 ajunt,
768 2247 924 2323 Ecclesia
950 2250 1079 2324 Christi

94 2373 255 2460 tempore
271 2359 505 2433 Arianorum:
531 2374 618 2432 tune
635 2361 747 2446 enim,
764 2359 812 2431 ait
829 2359 1078 2460 Hieronymus,

93 2462 256 2544 ‘Nicaenae
270 2471 363 2568 fidei
385 2471 568 2543 damnatio
591 2473 818 2544 conclamata
843 2486 895 2544 cst
908 2523 917 2542 .
931 2523 964 2544 ..
990 2487 1079 2544 runc

93 2582 269 2678 ingemuit
278 2596 376 2654 *totto
400 2580 520 2668 orbis,
545 2598 580 2655 et
605 2583 788 2656 Arionem
813 2607 849 2654 se
874 2606 947 2655 esse
972 2585 1079 2654 mim·

96 2707 247 2766 tuaest:
273 2708 358 2766 tunc
383 2721 468 2794 ergo
494 2693 644 2783 delituit,
675 2695 785 2766 immo
811 2693 967 2786 interiit,
992 2693 1021 2766 si
1046 2709 1083 2764 et

96 2815 172 2872 tota
196 2801 334 2900 penitus
359 2804 498 2875 erravit.
524 2801 658 2900 Apage.
675 2801 759 2872 Fuit
776 2801 871 2873 enim
887 2827 960 2874 non
979 2829 998 2874 a
1018 2803 1086 2873 ΡΡ.

98 2907 248 2979 Concilii
270 2908 514 3000 Ariminensis,
539 2908 601 2980 sed
626 2911 677 2981 sic
702 2907 746 2979 ab
773 2910 912 2981 Arianis
936 2908 1085 2980 Valente

97 3033 135 3089 et
158 3017 300 3092 Ursaeio
325 3020 594 3110 conclamatum,
612 3019 855 3119 ingemuitque
872 3019 1082 3095 totus'orbi's

97 3125 142 3204 de
165 3130 357 3230 impostura
382 3129 627 3232 perduellium,
646 3131 863 3230 miratusque
881 3129 960 3224 fuit,
977 3157 1013 3204 se
1032 3157 1085 3204 es·

97 3263 135 3310 se
148 3238 330 3313 ¹Ariannm
347 3255 575 3342 apparenter:
602 3267 718 3342 neque
736 3243 834 3313 enim
850 3242 1087 3341 ingemiscens

98 3345 265 3421 doluisset
288 3347 383 3423 illico
408 3350 590 3444 doctrinae,
616 3379 723 3450 qnam
748 3369 874 3453 sponte
892 3379 1020 3426 novam
1038 3379 1091 3424 ar·

98 3459 262 3558 ripuisset
286 3477 386 3536 tanto
411 3464 449 3535 in
474 3462 753 3537 adversariorum
787 3464 979 3565 hypothesi
1012 3491 1095 3536 con·

99 3593 213 3642 sensu.
238 3573 492 3670 Ingemuerunt
509 3601 594 3675 ergo
612 3577 781 3676 Episcopi
804 3577 980 3669 catholici,
1005 3578 1088 3676 quia

99 3679 299 3754 nullatenus
332 3685 462 3758 conscii
488 3686 628 3760 Arianae
655 3684 834 3786 perfidiae,
861 3686 926 3758 etsi
967 3684 1096 3757 nullius

104 3807 284 3864 consortes
301 3795 454 3888 haeresis,
469 3796 539 3896 ipsi
555 3812 674 3868 tamen
702 3793 908 3868 ferebantur
925 3794 1097 3879 haeretici3

106 3896 191 3970 dam
219 3902 387 3978 nimirum
412 3907 479 3978 PP.
515 3903 778 3998 Ariminenses,
804 3903 925 3980 fraude
954 3903 1098 3975 Ariano-

161 4035 251 4099 rou.
278 4025 311 4087 ‘11
340 4043 425 4092 ror.
452 4043 468 4091 1
833 4009 836 4016 ’
1024 4009 1047 4081 4
