2942 4962
379 431 450 527 226
540 455 543 462 '
596 459 599 466 '
720 467 781 516 trs.
801 467 841 516 rv
865 463 1031 514 arrarum

375 565 481 666 aliqui
507 568 685 633 transeunt
709 551 939 628 insalutatam.
972 550 1052 623 Non
1077 550 1195 650 itaque
1229 577 1352 631 eornm

374 676 486 782 probo
511 671 686 774 palpoque
704 665 922 750 sententiam,
940 664 1001 761 qui
1018 664 1207 763 imaginem
1224 668 1353 742 volunt

373 787 510 864 adorari
534 807 636 884 posse
663 803 735 850 non
756 801 838 847 cum
856 797 919 845 suo
936 773 1052 846 solum
1070 791 1270 876 prototyp0‚
1287 779 1353 850 scd

373 903 480 974 etiam
505 898 552 968 ita
578 890 746 978 seorsim,
772 903 812 957 ut
836 885 894 956 illa
920 885 966 956 sit
990 886 1109 960 totalis
1137 886 1351 962 adorationis

372 1011 553 1098 terminus,
578 1005 689 1099 sitque
714 999 855 1070 interim
881 1011 1091 1097 prototypus
1107 999 1217 1098 ipsius
1234 991 1353 1074 funda-¹

371 1097 531 1195 mentum
556 1108 785 1184 adorationis:
810 1131 877 1178 nec
902 1105 1113 1180 sententiam
1128 1107 1277 1182 admitto
1294 1137 1354 1212 op·

370 1229 543 1331 positam,
569 1245 657 1318 quae,
675 1215 761 1290 dum
794 1214 892 1288 nullo
916 1230 1021 1315 pacto
1054 1215 1132 1289 vult
1160 1217 1352 1317 imaginem

370 1351 410 1412 ut
443 1334 633 1410 terminum
667 1329 803 1401 adorari
815 1383 826 1421 ,
851 1327 1074 1426 eamusciscit
1106 1354 1181 1400 esse
1207 1346 1349 1404 tantum

370 1447 610 1525 conditionem
643 1457 705 1513 aut
731 1441 893 1538 signum,
918 1465 989 1536 quo
1015 1440 1208 1512 excitemur
1233 1442 1278 1514 ad
1308 1445 1349 1516 si·

369 1575 517 1661 gratum
542 1555 720 1655 exemplar
742 1551 970 1644 adorandum,
986 1567 1028 1623 ut
1044 1553 1238 1624 terminum
1255 1554 1348 1626 illius

368 1673 479 1746 nostri
503 1668 617 1742 cultus
650 1668 794 1738 unicum
824 1680 928 1761 atque
963 1662 1079 1735 totale.
1096 1663 1218 1737 Nimis
1246 1667 1369 1765 juxta,

369 1781 460 1854 dicta
485 1775 634 1874 transilit
649 1775 745 1874 prior
762 1773 934 1844 sententia
952 1773 1192 1846 convenientis
1213 1793 1347 1848 metam

367 1889 530 1982 honoris:
557 1913 576 1956 a
602 1899 696 1956 meta
721 1907 813 1957 verae
840 1879 1052 1954 adorationis
1081 1882 1276 1982 imaginum
1302 1883 1348 1956 al·

367 2015 440 2069 tera
460 1997 563 2068 nimis
581 1991 745 2068 abscedit.
762 1992 919 2064 Tertiam
937 1990 1039 2063 aliam
1055 1994 1266 2092 Vasquesius
1282 1996 1346 2068 im·

367 2132 481 2207 pense
501 2119 711 2206 propugnat,
728 2099 825 2200 quod
840 2101 1004 2176 videlicet
1021 2128 1103 2174 cum
1128 2101 1241 2202 effigie
1267 2131 1346 2205 pro·

366 2232 511 2314 totypus
536 2213 602 2285 c'oli
628 2214 677 2284 sic
702 2211 850 2303 debeat,
876 2225 914 2282 ut
940 2213 1119 2283 internum
1144 2210 1344 2288 submissio·

367 2325 420 2394 nis
445 2320 607 2392 affectum
634 2320 697 2390 sibi
723 2336 840 2392 totum
857 2321 1007 2390 attrahat
1025 2321 1213 2423 exemplar,
1230 2327 1344 2397 trahat

366 2442 484 2506 autem
496 2430 559 2503 sibi
576 2445 756 2502 externam
769 2432 925 2532 corporis
939 2430 1184 2507 demissionem
1202 2435 1343 2536 elligies,

365 2547 419 2618 uti
444 2543 629 2616 flexionem
654 2543 798 2643 poplitis
822 2559 884 2616 aut
913 2569 1046 2617 sacram
1072 2547 1343 2623 osculationem:

366 2657 429 2729 sed
454 2659 529 2728 haec
554 2669 695 2725 externa
722 2654 879 2752 eorporis
906 2653 1070 2728 demissio
1099 2657 1174 2728 sine
1200 2661 1344 2733 retain

365 2767 488 2866 spiritu
502 2790 583 2860 erga
595 2763 763 2862 imagines
781 2762 981 2835 adoratione
999 2790 1071 2836 non
1088 2791 1220 2864 veram,
1236 2791 1344 2865 quam

365 2875 537 2974 Majorum
561 2874 718 2944 instituta
743 2871 931 2972 postulant,
957 2871 1196 2947 adorationem
1207 2883 1225 2968 ;'
1243 2875 1344 2950 adeo·

365 3003 433 3083 qne
458 3010 524 3055 nec
550 3008 668 3056 veram
686 2981 888 3081 opinionem
905 3007 1037 3082 ponere
1054 2982 1202 3056 videtur.
1219 2987 1343 3084 Itaque

363 3094 542 3195 probanda
567 3094 706 3169 videtur
731 3096 808 3166 haec
834 3094 979 3166 demum
1006 3112 1129 3193 quarta
1153 3101 1343 3192 sententia,

363 3207 459 3304 quod
484 3233 565 3279 cum
590 3209 727 3278 interne
753 3223 831 3278 tum
856 3224 999 3280 externe
1025 3236 1093 3280 nna
1119 3237 1202 3282 cum
1227 3229 1343 3313 proto·

361 3332 448 3414 typo
474 3315 602 3410 elligies
628 3317 672 3386 sit
698 3315 842 3407 directo,
867 3343 931 3415 per
956 3318 1104 3391 modum
1131 3324 1256 3414 unius,
1281 3325 1348 3396 b0··

362 3423 517 3497 notanda
544 3424 649 3516 cultu3
676 3425 763 3497 adeo
790 3443 828 3496 ut
845 3427 1014 3526 primario
1033 3425 1176 3525 quidem
1194 3428 1238 3504 ad
1261 3457 1342 3532 pro·

360 3551 534 3634 totypnm,
558 3552 703 3635 propter
728 3535 966 3634 serraetipsum,
983 3551 1020 3606 et
1036 3536 1241 3610 secundario
1268 3555 1337 3612 ter-

360 3647 512 3717 minetur
538 3645 581 3717 ad
614 3648 811 3745 imaginem.
838 3649 967 3720 Annon
981 3647 996 3740 ,'
1012 3649 1110 3746 juxta
1144 3649 1338 3750 praedicta,

361 3759 426 3829 hoc
456 3751 497 3828 'in
531 3759 618 3831 scito
653 3755 886 3857 splendidiora
920 3758 1051 3830 micant
1085 3757 1222 3857 fulgura
1251 3763 1338 3838 veri·

360 3865 463 3937 tatis?
733 3867 735 3872 ’
