2932 4970
392 497 440 570 68
652 513 714 562 tn.
739 515 774 564 rv
800 511 968 562 sacrrours
994 514 1006 559 r
1031 512 1061 560 o.
1089 515 1101 560 r

393 630 438 676 ne
463 601 546 675 vitae
572 614 609 671 et
634 599 731 670 necis
756 624 796 670 ac
822 599 937 671 omnis
957 596 1172 698 jurisdictio,
1200 598 1381 697 siquidem

389 714 432 788 ab
458 710 593 786 excidio
610 711 831 812 potissimum
858 707 1112 809 llierosolymae
1138 716 1213 810 per'
1228 711 1382 805 Titum,

389 826 511 925 quise
537 823 688 896 coelestis
722 823 760 892 in
786 848 863 892 eanr
889 824 949 894 irae
983 823 1186 894 ministrum
1221 823 1379 923 appellat

391 935 487 1038 apud
512 935 718 1033 Josephum,
743 931 839 1005 nullo
865 933 980 1005 Judaei
1006 935 1190 1032 potiuntur
1214 933 1381 1035 imperio,

389 1043 451 1117 sed
476 1044 587 1143 patria
605 1040 860 1142 penatibusque
878 1043 1007 1114 relictis
1023 1041 1173 1142 profugi,
1203 1059 1378 1138 extorres,

393 1151 525 1251 ubique
560 1151 730 1251 dispersi,
765 1151 944 1248 coactique
978 1152 1210 1224 miserrimam
1244 1155 1380 1224 servire

395 1265 603 1338 servitutem
628 1263 702 1333 sinc
728 1287 838 1360 regno
863 1264 988 1335 vivunt
1013 1279 1049 1334 et
1073 1267 1148 1336 sine
1174 1264 1247 1360 lege
1273 1280 1308 1338 ct
1333 1267 1393 1337 st·

395 1391 440 1448 rte
458 1375 637 1472 principe,
662 1376 738 1445 sine
763 1373 937 1468 secnficio
964 1389 997 1446 et
1022 1378 1097 1447 sine
1113 1375 1232 1462 alteri,
1248 1390 1283 1448 et
1298 1379 1378 1448 sine

396 1481 513 1581 ephod
544 1497 578 1554 et
602 1484 677 1554 sine
711 1479 911 1580 teraphim,
937 1508 1017 1580 quae
1044 1483 1150 1554 Oseas
1175 1482 1378 1554 infaustissi-

393 1621 462 1666 mae
489 1595 596 1666 Genti
622 1593 867 1694 praecinuerat:
886 1620 970 1692 crgo
991 1593 1202 1694 jampridem
1230 1596 1378 1666 Messias

394 1701 604 1794 adventavit,
629 1727 670 1774 ac
696 1701 823 1773 frustra
849 1717 885 1773 et
910 1702 1014 1774 stulte
1032 1705 1126 1774 bunc
1151 1700 1265 1774 Judaei
1294 1729 1376 1776 ven·

393 1816 525 1886 turum'
539 1811 761 1884 liberatorem
788 1825 983 1911 expectant.
1232 1885 1235 1890 Δ

417 1960 494 1982 ·-
518 1926 627 1998 Porro
653 1925 711 1996 hic
737 1925 879 1996 Messias
906 1939 959 1996 est
984 1926 1084 1996 Jesus
1108 1923 1378 2012 Nazarenusin

392 2061 464 2137 quo
490 2051 585 2108 certe
611 2033 800 2135 adimpleta
826 2033 893 2105 fuit
917 2034 1037 2132 Jacobi
1063 2035 1257 2134 prophetia,
1276 2033 1376 2133 quod

391 2145 570 2221 concludit
595 2145 835 2238 Adversarios,
861 2173 901 2218 ac
926 2173 1069 2247 prorsus
1090 2147 1238 2247 jugulat.
1259 2149 1308 2219 Et
1323 2173 1378 2219 re-

389 2283 470 2332 vera

416 2364 648 2438 -Ostenditur
673 2365 711 2435 in
737 2365 877 2438 Christo
902 2367 985 2438 Jesu
1012 2367 1214 2469 adimpleta.
1230 2368 1378 2439 Etenim
1452 2369 1453 2380 ’

391 2503 462 2577 quo
487 2491 647 2575 tempore
673 2478 775 2548 Jesus
800 2477 997 2550 Nazarenus
1022 2479 1157 2552 mundo
1175 2495 1212 2550 et
1229 2479 1379 2551 homini-

388 2588 456 2661 bus
480 2585 595 2658 illuxit
607 2642 617 2678 ,
643 2602 821 2686 sceptrum
848 2587 1106 2681 dominationis,
1123 2589 1241 2688 (quod
1266 2615 1378 2690 penes
1451 2657 1452 2682 ,

391 2697 523 2775 tribum
550 2696 640 2771 Juda
667 2725 685 2770 a
712 2697 824 2770 David
849 2701 957 2798 Rege,
982 2701 1018 2771 in
1045 2727 1116 2798 quo
1141 2702 1214 2773 vim
1241 2715 1301 2771 aut
1325 2698 1377 2770 ef-

388 2811 522 2884 fectum
548 2809 656 2908 coepit
672 2807 940 2881 luculentiorem
962 2809 1091 2881 habere
1117 2810 1302 2910 prophetia
1319 2809 1377 2880 Ja-

389 2919 467 3013 cob,
492 2935 664 3020 perpetuo
689 2922 830 3010 mansit,
854 2920 910 2994 vel
932 2917 1164 3018 singularibus
1180 2945 1224 2990 ex
1242 2945 1281 2988 ea
1297 2943 1378 3018 per·

389 3033 483 3104 sonis
517 3057 667 3130 regnum
704 3031 989 3131 capessentibuS,
1014 3030 1070 3104 vel
1096 3026 1254 3104 universa
1280 3030 1378 3103 tribu
1450 3039 1451 3046 ’

389 3159 598 3216 caeterarum
623 3141 780 3212 tribuum
816 3167 984 3242 personas
1009 3145 1182 3215 evehente
1205 3139 1249 3213 ad
1275 3141 1379 3214 duca-

389 3253 515 3348 tum),
539 3267 758 3351 praereptum
785 3251 897 3322 fuerat
923 3278 943 3323 e
968 3251 1058 3324 Juda
1072 3310 1082 3346 ,
1108 3270 1213 3352 atque
1238 3255 1377 3325 homini

390 3363 606 3461 alienigenae,
630 3361 789 3436 Idumaeo
816 3362 960 3456 Herodi,
992 3363 1114 3438 datum
1140 3393 1158 3438 a
1185 3363 1377 3459 Romanis,

390 3472 515 3572 quibus
540 3502 559 3545 a
584 3476 753 3575 Pompejo
788 3475 968 3576 subjugata
995 3479 1167 3550 tributum
1203 3504 1288 3578 gens
1314 3477 1377 3550 Ju-

390 3583 487 3654 daiea
512 3582 741 3684 persolvebat
766 3587 860 3678 Fuit,
884 3587 1040 3685 inquam,
1066 3578 1223 3663 Herodes
1245 3615 1375 3686 genere
1448 3683 1449 3687 Ἰ

388 3693 565 3766 Idumaeus
591 3711 627 3767 et
652 3696 861 3796 alienigena:
888 3699 925 3769 id
943 3701 1048 3791 enim,
1065 3717 1193 3799 praeter
1212 3701 1376 3794 Gorioni-

389 3805 469 3878 dem
487 3824 529 3898 ¹et
547 3801 782 3900 TalmudicoS,
799 3809 948 3882 affirmat
965 3811 1104 3883 Flavius
1121 3813 1295 3912 Josephus
1311 3809 1373 3880 lib.

391 3919 404 3988 l
439 3916 483 3989 de
509 3917 606 3991 Bello
631 3919 787 4010 Judai003
814 3936 850 3992 et
875 3948 937 3994 rex
962 3921 1128 3996 indicavit
1157 3922 1369 4020 Antigonae,
1447 3961 1448 3993 1
