2932 4970
390 510 437 584 58
691 523 875 578 ..mesum
903 523 1021 572 anona.

385 644 544 720 unquam
572 616 649 707 erit,
674 615 710 684 in
736 639 843 714 quem
868 611 991 710 aliqua,
1016 637 1078 684 seu
1103 637 1172 682 una
1197 631 1259 682 seu
1285 610 1376 682 mul·
1450 621 1451 624 ’

384 730 513 829 tiplex,
540 725 633 798 haud
658 750 740 797 vere
766 722 869 795 cadat·
892 749 936 794 ex
961 719 1084 794 inustis
1111 743 1235 792 eorum
1264 718 1377 796 veluti

385 840 490 939 globo
516 838 609 910 notis
635 836 706 907 sive
732 831 931 906 censuris*

382 1023 385 1034 ,
433 993 484 1006 -
509 951 595 1020 Haec
621 948 738 1018 onmia
763 969 935 1047 perquam
953 944 1034 1016 satis
1051 958 1167 1017 sunto.
1185 941 1263 1014 Alia
1289 940 1376 1016 alibi

382 1062 482 1164 plura
508 1061 625 1133 locum
652 1058 781 1131 habere
806 1072 985 1158 poterunt,
1011 1084 1091 1154 quae
1116 1057 1144 1128 si
1170 1057 1227 1129 hie
1252 1069 1374 1140 esseut
1452 1051 1453 1120 3

382 1175 599 1263 effusiora,a
624 1171 754 1244 uostris
779 1195 843 1240 nos
868 1169 1046 1240 institutis
1060 1166 1199 1266 longius
1225 1164 1374 1241 abduce·
1453 1254 1454 1310 p

382 1301 471 1358 rent.
498 1286 623 1357 Grates
648 1283 781 1354 interea
807 1280 1047 1381 persolvamus
1073 1283 1114 1356 Ο.
1141 1283 1188 1356 Μ.
1213 1281 1283 1365 Ι).,
1309 1280 1373 1376 qui
1453 1323 1454 1356 t

382 1425 448 1470 nos
463 1404 544 1469 'non
571 1395 705 1466 meritis
731 1409 768 1465 et
787 1395 921 1492 justitia
939 1410 1070 1486 nostra,
1087 1393 1150 1467 sed
1167 1421 1227 1467 sua
1245 1391 1291 1466 ad
1305 1393 1374 1464 Ec·

383 1509 525 1580 alesiam
560 1509 669 1605 gratia
694 1507 856 1595 vocavit;
885 1505 979 1604 quod
1004 1507 1078 1606 ipsa
1104 1505 1271 1579 Ecclesiae
1298 1530 1371 1576 vox
1454 1560 1455 1630 ,

382 1619 569 1716 importat:
596 1616 722 1712 istique
748 1641 823 1706 nos,
839 1616 876 1686 in
902 1617 1004 1688 terris
1029 1615 1204 1708 militanti,
1220 1615 1374 1686 firmiter

383 1727 627 1814 inhaereamus,
644 1723 794 1797 fideliter
810 1725 1054 1817 auscultemus
1072 1743 1113 1799 ut
1130 1753 1195 1800 ceu
1211 1724 1374 1797 membra

383 1836 421 1906 in
448 1836 681 1934 triumphanti
702 1834 847 1908 demum
864 1835 971 1909 altera
988 1862 1070 1910 cum
1089 1835 1291 1910 CHRISTO
1310 1835 1373 1964 Ca
1455 1869 1456 1928 ι

384 1947 461 2046 pite
487 1945 734 2044 glorificemur.

427 2214 435 2230 ¹
452 2213 581 2264 Damnatae
597 2228 625 2261 ea
643 2214 681 2262 via
698 2214 877 2280 propositiones
889 2211 1087 2262 doctrinarumve
1104 2210 1200 2262 articuli
1216 2211 1374 2282 frequentius

385 2299 535 2352 infamantur
551 2289 617 2351 hisce
634 2301 751 2362 cemuris3
770 2297 854 2365 (hunc
870 2302 936 2350 enim
954 2293 1062 2350 breviter
1077 2301 1181 2351 uarum
1197 2299 1302 2352 exhibeo
1319 2301 1371 2366 syl-

387 2383 472 2434 Iahum
489 2382 685 2451 vulgatioresque
703 2381 849 2449 notiones):
927 2428 929 2432 .

429 2470 556 2520 Homerica
566 2507 571 2517 .
583 2508 589 2519 .
601 2507 606 2518 .
618 2507 640 2518 ..
658 2468 798 2519 inscribitur
815 2467 901 2519 saltem
918 2467 975 2533 illa,
992 2486 1045 2538 quae
1067 2470 1208 2520 immediate
1230 2478 1257 2520 et
1280 2472 1375 2522 directe
1457 2476 1458 2534 l

386 2559 523 2607 doctrinam
540 2555 684 2603 contradicit
701 2571 715 2602 a
732 2554 786 2604 Deo
798 2553 939 2618 revelatam,
950 2571 1023 2624 quam
1041 2547 1090 2605 tide
1102 2555 1249 2605 credendam
1265 2549 1377 2607 Ecclesia

386 2644 549 2712 proposuerit.
562 2640 611 2689 liae
627 2643 719 2689 etenim
736 2647 899 2708 proponente,
916 2641 997 2690 divim
1015 2649 1041 2690 et
1051 2641 1151 2710 quidem
1168 2639 1303 2704 catlmlica,
1321 2651 1377 2693 nori

385 2743 453 2778 mere
470 2729 551 2778 diviua
569 2725 718 2795 theologica,
735 2726 797 2776 fides
815 2724 940 2776 oboritur:
959 2728 1015 2789 cui,
1032 2727 1064 2775 ad
1080 2727 1305 2792 distinctionem,
1295 2736 1373 2795 Juxta

386 2813 514 2882 plurimos,
530 2814 727 2882 propositionum
739 2812 845 2862 mediate
857 2811 895 2862 vel
912 2813 1030 2863 indirecte
1048 2811 1122 2860 fidem
1135 2814 1336 2877 attentantium,'
1329 2829 1377 2893 ιιι-μ

387 2894 494 2943 mediate
510 2892 623 2958 refragari
640 2895 672 2942 sit
688 2891 839 2956 hereticum3
857 2909 909 2942 non
920 2894 994 2942 modo
1011 2909 1093 2942 coram
1111 2891 1175 2957 Deo,
1187 2902 1216 2943 ιιι
1233 2893 1320 2943 accidit
1337 2909 1376 2942 re-

386 2987 474 3048 'spectu
491 2980 580 3029 divine
598 2979 654 3029 fidet
671 2978 822 3046 thcologicae,
839 2981 884 3030 sed
900 2979 1003 3030 ulterius
1017 2979 1184 3046 judicialiter
1176 2997 1203 3030 tn
1213 2979 1327 3030 Ecclesiae
1343 2976 1378 3030 io·

388 3082 425 3116 ro.
442 3065 488 3129 lta,
505 3079 563 3115 cum
581 3065 664 3129 Scoto,
682 3065 778 3131 Suario,
795 3064 979 3130 Panormitano,
1002 3063 1187 3133 Themistisque
1204 3061 1378 3131 communiter,

388 3151 523 3216 Regnierus
539 3159 566 3200 et
581 3152 739 3216 Montagnus.
1371 3199 1376 3208 ,

431 3231 531 3283 Hoercsi
544 3233 664 3301 pmaer'rna
674 3268 751 3280 .....
769 3232 848 3280 tutius
865 3239 940 3300 atque
957 3233 1103 3300 expeditius,
1115 3235 1180 3282 iuter
1191 3233 1269 3283 varias
1280 3241 1378 3283 senten·

389 3323 445 3386 tias,
461 3319 567 3370 illa'dici
582 3325 673 3386 potest,
690 3319 724 3365 ait
740 3316 890 3382 Panormita,
907 3334 961 3386 quar
973 3320 1000 3368 in
1011 3318 1097 3369 ultimo
1109 3325 1152 3368 ant
1164 3317 1213 3370 iere
1231 3317 1318 3368 ultimo
1336 3335 1377 3367 cu·

389 3404 435 3456 hat
451 3405 607 3472 malignitatis
623 3401 856 3473 definibiiitottlsqroe
879 3405 973 3471 pedu,
990 3412 1019 3454 ut
1035 3404 1172 3456 declaretur
1194 3411 1239 3456 aut
1260 3401 1378 3454 declarari

390 3501 513 3544 mereatur
532 3489 652 3542 haeretice.

433 3574 557 3625 Hoeresim
572 3573 669 3643 sapiens
680 3610 755 3624 .....
773 3571 849 3626 thesis
866 3581 913 3639 est,
929 3589 960 3624 ex
977 3573 1071 3625 meliori
1087 3572 1199 3642 ejusdcm
1210 3574 1379 3626 panormitani

391 3659 523 3721 sententia,
538 3655 591 3724 jam
608 3655 729 3722 catholici,
745 3655 797 3724 jam
814 3657 967 3726 praevalentis
984 3656 1056 3708 simul
1072 3671 1158 3708 sensus
1171 3657 1277 3707 haeretici
1292 3653 1379 3725 capax}

390 3741 455 3792 adeo
474 3747 503 3790 ut
519 3743 597 3807 gravis
614 3740 694 3792 subsit
711 3745 773 3792 ratio
787 3739 923 3809 judicandi,
939 3740 1005 3792 illam
1022 3751 1076 3792 esse
1087 3739 1232 3791 haereticam.
1278 3780 1279 3784 ,
1328 3757 1330 3760 ·

434 3819 564 3874 Hoemseos
581 3836 695 3893 suspecto
706 3861 781 3875 .....
793 3822 834 3874 illa
846 3839 905 3874 vero
922 3833 969 3890 est,
980 3841 1034 3894 quae
1046 3841 1114 3893 prava
1107 3821 1189 3874 'iilius
1200 3838 1287 3874 sensus
1298 3820 1377 3872 solam

393 3904 482 3974 levero,
498 3907 539 3958 vei
555 3907 588 3958 ob
604 3908 721 3976 adjuncta
733 3907 774 3961 rel
790 3924 821 3957 ex
832 3924 867 3973 se,
884 3912 1048 3980 suspicionem
1063 3911 1159 3977 ingerit.
1172 3907 1205 3960 Αι
1215 3906 1316 4010 quidam
1329 3913 1378 3956 tres

395 3989 468 4040 hasce
485 3989 643 4045 contundunt
660 3993 780 4044 doctrine
793 3997 906 4044 notus.
949 4005 952 4013 ¹
1145 4007 1148 4014 “
