<?xml version="1.0" encoding="UTF-8"?>
<!DOCTYPE html PUBLIC "-//W3C//DTD XHTML 1.0 Transitional//EN"
    "http://www.w3.org/TR/xhtml1/DTD/xhtml1-transitional.dtd">
<html xmlns="http://www.w3.org/1999/xhtml" xml:lang="en" lang="en">
 <head>
  <title>
</title>
<meta http-equiv="Content-Type" content="text/html;charset=utf-8" />
  <meta name='ocr-system' content='tesseract 3.04.00' />
  <meta name='ocr-capabilities' content='ocr_page ocr_carea ocr_par ocr_line ocrx_word'/>
</head>
<body>
  <div class='ocr_page' id='page_1' title='image "./sacrtheologiins00gutigoog_0216.png"; bbox 0 0 2942 4962; ppageno 0'>
   <div class='ocr_carea' id='block_1_1' title="bbox 83 489 1099 1280">
    <p class='ocr_par' dir='ltr' id='par_1_1' title="bbox 83 489 1099 1280">
     <span class='ocr_line' id='line_1_1' title="bbox 215 489 1060 602; baseline 0.008 -20"><span class='ocrx_word' id='word_1_1' title='bbox 215 533 259 582; x_wconf 83' lang='lat' dir='ltr'><strong>oa</strong></span> <span class='ocrx_word' id='word_1_2' title='bbox 277 530 385 582; x_wconf 77' lang='lat' dir='ltr'><strong>cotan</strong></span> <span class='ocrx_word' id='word_1_3' title='bbox 403 531 532 580; x_wconf 72' lang='lat' dir='ltr'><strong>conisa!</strong></span> <span class='ocrx_word' id='word_1_4' title='bbox 548 531 591 580; x_wconf 73' lang='lat' dir='ltr'><strong>aa</strong></span> <span class='ocrx_word' id='word_1_5' title='bbox 609 533 677 602; x_wconf 83' lang='lat' dir='ltr'><strong>ss,</strong></span> <span class='ocrx_word' id='word_1_6' title='bbox 694 535 802 597; x_wconf 79' lang='lat' dir='ltr'><strong>namo.</strong></span> <span class='ocrx_word' id='word_1_7' title='bbox 820 536 862 584; x_wconf 81' lang='lat' dir='ltr'><strong>m</strong></span> <span class='ocrx_word' id='word_1_8' title='bbox 878 537 946 584; x_wconf 78' lang='lat' dir='ltr'><strong>m·</strong></span> <span class='ocrx_word' id='word_1_9' title='bbox 982 489 1060 590; x_wconf 56' lang='lat' dir='ltr'><strong>‘sili</strong></span> 
     </span>
     <span class='ocr_line' id='line_1_2' title="bbox 84 615 1063 726; baseline 0.003 -28"><span class='ocrx_word' id='word_1_10' title='bbox 84 620 269 715; x_wconf 66' lang='lat' dir='ltr'><strong>tentant,</strong></span> <span class='ocrx_word' id='word_1_11' title='bbox 304 617 508 693; x_wconf 84' lang='lat' dir='ltr'><strong>diuturnum</strong></span> <span class='ocrx_word' id='word_1_12' title='bbox 533 620 666 694; x_wconf 71' lang='lat' dir='ltr'><strong>Ye&#39;zido</strong></span> <span class='ocrx_word' id='word_1_13' title='bbox 696 621 817 696; x_wconf 80' lang='lat' dir='ltr'><strong>feeerit</strong></span> <span class='ocrx_word' id='word_1_14' title='bbox 850 615 1063 726; x_wconf 84' lang='lat' dir='ltr'><strong>imperinm,</strong></span> 
     </span>
     <span class='ocr_line' id='line_1_3' title="bbox 83 723 1084 835; baseline 0.007 -27"><span class='ocrx_word' id='word_1_15' title='bbox 83 738 113 808; x_wconf 90' lang='lat' dir='ltr'><strong>is</strong></span> <span class='ocrx_word' id='word_1_16' title='bbox 138 737 250 808; x_wconf 92' lang='lat' dir='ltr'><strong>immo</strong></span> <span class='ocrx_word' id='word_1_17' title='bbox 275 730 469 805; x_wconf 79' lang='lat' dir='ltr'>mortaliter</span> <span class='ocrx_word' id='word_1_18' title='bbox 494 725 687 830; x_wconf 82' lang='lat' dir='ltr'><strong>elanguerit</strong></span> <span class='ocrx_word' id='word_1_19' title='bbox 702 723 792 834; x_wconf 86' lang='lat' dir='ltr'><strong>post,</strong></span> <span class='ocrx_word' id='word_1_20' title='bbox 809 735 875 808; x_wconf 91' lang='lat' dir='ltr'><strong>sibi</strong></span> <span class='ocrx_word' id='word_1_21' title='bbox 892 763 1018 835; x_wconf 81' lang='lat' dir='ltr'><strong>earam,</strong></span> <span class='ocrx_word' id='word_1_22' title='bbox 1042 751 1084 826; x_wconf 58' lang='lat' dir='ltr'><strong>ast</strong></span> 
     </span>
     <span class='ocr_line' id='line_1_4' title="bbox 88 841 1099 944; baseline 0.005 -25"><span class='ocrx_word' id='word_1_23' title='bbox 88 873 126 919; x_wconf 90' lang='lat' dir='ltr'><strong>se</strong></span> <span class='ocrx_word' id='word_1_24' title='bbox 153 842 358 918; x_wconf 85' lang='lat' dir='ltr'><strong>suffocatam</strong></span> <span class='ocrx_word' id='word_1_25' title='bbox 382 842 473 914; x_wconf 87' lang='lat' dir='ltr'><strong>inter</strong></span> <span class='ocrx_word' id='word_1_26' title='bbox 498 841 593 915; x_wconf 89' lang='lat' dir='ltr'><strong>lusus</strong></span> <span class='ocrx_word' id='word_1_27' title='bbox 619 843 719 916; x_wconf 91' lang='lat' dir='ltr'><strong>acino</strong></span> <span class='ocrx_word' id='word_1_28' title='bbox 736 873 812 920; x_wconf 82' lang='lat' dir='ltr'><strong>uvae</strong></span> <span class='ocrx_word' id='word_1_29' title='bbox 830 854 976 944; x_wconf 83' lang='lat' dir='ltr'><strong>servani,</strong></span> <span class='ocrx_word' id='word_1_30' title='bbox 996 861 1063 924; x_wconf 86' lang='lat' dir='ltr'><strong>&#39;sta-</strong></span> <span class='ocrx_word' id='word_1_31' title='bbox 1096 895 1099 910; x_wconf 90' lang='lat'><strong>·</strong></span> 
     </span>
     <span class='ocr_line' id='line_1_5' title="bbox 88 952 1065 1054; baseline 0.007 -28"><span class='ocrx_word' id='word_1_32' title='bbox 88 957 225 1051; x_wconf 89' lang='lat' dir='ltr'><strong>timque</strong></span> <span class='ocrx_word' id='word_1_33' title='bbox 250 967 332 1054; x_wconf 84' lang='lat' dir='ltr'><strong>post</strong></span> <span class='ocrx_word' id='word_1_34' title='bbox 358 952 604 1050; x_wconf 80' lang='lat' dir='ltr'><strong>sesquiannum</strong></span> <span class='ocrx_word' id='word_1_35' title='bbox 631 979 650 1024; x_wconf 91' lang='lat' dir='ltr'><strong>a</strong></span> <span class='ocrx_word' id='word_1_36' title='bbox 675 979 785 1051; x_wconf 87' lang='lat' dir='ltr'><strong>regno</strong></span> <span class='ocrx_word' id='word_1_37' title='bbox 819 953 965 1030; x_wconf 83' lang='lat' dir='ltr'><strong>obierit:</strong></span> <span class='ocrx_word' id='word_1_38' title='bbox 983 959 1065 1033; x_wconf 80' lang='lat' dir='ltr'><strong>&#39;Uli-</strong></span> 
     </span>
     <span class='ocr_line' id='line_1_6' title="bbox 87 1063 1063 1166; baseline 0.004 -27"><span class='ocrx_word' id='word_1_39' title='bbox 87 1065 154 1139; x_wconf 88' lang='lat' dir='ltr'><strong>dus</strong></span> <span class='ocrx_word' id='word_1_40' title='bbox 180 1067 254 1166; x_wconf 86' lang='lat' dir='ltr'><strong>ejus</strong></span> <span class='ocrx_word' id='word_1_41' title='bbox 279 1089 457 1137; x_wconf 82' lang='lat' dir='ltr'><strong>successor</strong></span> <span class='ocrx_word' id='word_1_42' title='bbox 486 1079 524 1136; x_wconf 91' lang='lat' dir='ltr'><strong>et</strong></span> <span class='ocrx_word' id='word_1_43' title='bbox 557 1063 648 1136; x_wconf 88' lang='lat' dir='ltr'><strong>filius</strong></span> <span class='ocrx_word' id='word_1_44' title='bbox 677 1065 876 1166; x_wconf 78' lang='lat' dir='ltr'><strong>turpissima</strong></span> <span class='ocrx_word' id='word_1_45' title='bbox 910 1071 1063 1144; x_wconf 84' lang='lat' dir='ltr'><strong>Saranta·</strong></span> 
     </span>
     <span class='ocr_line' id='line_1_7' title="bbox 85 1175 1063 1280; baseline 0.003 -29"><span class='ocrx_word' id='word_1_46' title='bbox 85 1179 239 1280; x_wconf 88' lang='lat' dir='ltr'><strong>pechym</strong></span> <span class='ocrx_word' id='word_1_47' title='bbox 267 1191 381 1249; x_wconf 86' lang='lat' dir='ltr'><strong>morte</strong></span> <span class='ocrx_word' id='word_1_48' title='bbox 406 1175 566 1275; x_wconf 81' lang='lat' dir='ltr'><strong>punivit,</strong></span> <span class='ocrx_word' id='word_1_49' title='bbox 591 1176 688 1274; x_wconf 85' lang='lat' dir='ltr'>quasi</span> <span class='ocrx_word' id='word_1_50' title='bbox 723 1193 870 1278; x_wconf 90' lang='lat' dir='ltr'><strong>patemo</strong></span> <span class='ocrx_word' id='word_1_51' title='bbox 896 1184 1063 1278; x_wconf 85' lang='lat' dir='ltr'><strong>sangnine</strong></span> 
     </span>
    </p>
   </div>
   <div class='ocr_carea' id='block_1_2' title="bbox 87 1285 1066 1392">
    <p class='ocr_par' dir='ltr' id='par_1_2' title="bbox 87 1285 1066 1392">
     <span class='ocr_line' id='line_1_8' title="bbox 87 1285 1066 1392; baseline 0.004 -32"><span class='ocrx_word' id='word_1_52' title='bbox 87 1303 236 1378; x_wconf 82' lang='lat' dir='ltr'><strong>sontem,</strong></span> <span class='ocrx_word' id='word_1_53' title='bbox 261 1285 467 1384; x_wconf 85' lang='lat' dir='ltr'><strong>cultumque</strong></span> <span class='ocrx_word' id='word_1_54' title='bbox 491 1285 686 1384; x_wconf 80' lang='lat' dir='ltr'><strong>imaginum</strong></span> <span class='ocrx_word' id='word_1_55' title='bbox 711 1301 787 1361; x_wconf 84' lang='lat' dir='ltr'><strong>toto</strong></span> <span class='ocrx_word' id='word_1_56' title='bbox 813 1314 876 1362; x_wconf 93' lang='lat' dir='ltr'><strong>suo</strong></span> <span class='ocrx_word' id='word_1_57' title='bbox 900 1291 938 1363; x_wconf 92' lang='lat' dir='ltr'><strong>in</strong></span> <span class='ocrx_word' id='word_1_58' title='bbox 957 1291 1066 1392; x_wconf 87' lang='lat' dir='ltr'><strong>impe·</strong></span> 
     </span>
    </p>
   </div>
   <div class='ocr_carea' id='block_1_3' title="bbox 8 1395 352 1480">
    <p class='ocr_par' dir='ltr' id='par_1_3' title="bbox 8 1395 352 1480">
     <span class='ocr_line' id='line_1_9' title="bbox 8 1395 352 1480; baseline -0.017 -8"><span class='ocrx_word' id='word_1_59' title='bbox 8 1469 9 1480; x_wconf 69' lang='grc'>,</span> <span class='ocrx_word' id='word_1_60' title='bbox 88 1397 142 1470; x_wconf 84' lang='lat' dir='ltr'><strong>rio</strong></span> <span class='ocrx_word' id='word_1_61' title='bbox 166 1395 352 1470; x_wconf 76' lang='lat' dir='ltr'><strong>revocavit.</strong></span> 
     </span>
    </p>
   </div>
   <div class='ocr_carea' id='block_1_4' title="bbox 142 1491 1068 1606">
    <p class='ocr_par' dir='ltr' id='par_1_4' title="bbox 142 1491 1068 1606">
     <span class='ocr_line' id='line_1_10' title="bbox 142 1491 1068 1606; baseline 0.005 -30"><span class='ocrx_word' id='word_1_62' title='bbox 142 1501 214 1576; x_wconf 86' lang='lat' dir='ltr'><strong>Sub</strong></span> <span class='ocrx_word' id='word_1_63' title='bbox 240 1500 367 1575; x_wconf 87' lang='lat' dir='ltr'><strong>eodem</strong></span> <span class='ocrx_word' id='word_1_64' title='bbox 392 1517 511 1574; x_wconf 90' lang='lat' dir='ltr'><strong>autem</strong></span> <span class='ocrx_word' id='word_1_65' title='bbox 528 1518 687 1604; x_wconf 87' lang='lat' dir='ltr'><strong>tempore</strong></span> <span class='ocrx_word' id='word_1_66' title='bbox 704 1505 777 1577; x_wconf 91' lang='lat' dir='ltr'><strong>Leo</strong></span> <span class='ocrx_word' id='word_1_67' title='bbox 794 1506 967 1580; x_wconf 80' lang='lat' dir='ltr'>Isauricus</span> <span class='ocrx_word' id='word_1_68' title='bbox 985 1491 1068 1606; x_wconf 67' lang='lat' dir='ltr'><strong>graess¹</strong></span> 
     </span>
    </p>
   </div>
   <div class='ocr_carea' id='block_1_5' title="bbox 8 1611 1069 1716">
    <p class='ocr_par' dir='ltr' id='par_1_5' title="bbox 8 1611 1069 1716">
     <span class='ocr_line' id='line_1_11' title="bbox 8 1611 1069 1716; baseline 0.002 -27"><span class='ocrx_word' id='word_1_69' title='bbox 8 1639 9 1656; x_wconf 63' lang='lat'>¹</span> <span class='ocrx_word' id='word_1_70' title='bbox 88 1641 152 1690; x_wconf 87' lang='lat' dir='ltr'><strong>eus</strong></span> <span class='ocrx_word' id='word_1_71' title='bbox 176 1616 377 1714; x_wconf 85' lang='lat' dir='ltr'><strong>imperator,</strong></span> <span class='ocrx_word' id='word_1_72' title='bbox 402 1641 422 1684; x_wconf 94' lang='lat' dir='ltr'><strong>a</strong></span> <span class='ocrx_word' id='word_1_73' title='bbox 447 1611 577 1688; x_wconf 79' lang='lat' dir='ltr'><strong>Judaeis</strong></span> <span class='ocrx_word' id='word_1_74' title='bbox 601 1641 703 1716; x_wconf 76' lang='lat' dir='ltr'><strong>teque</strong></span> <span class='ocrx_word' id='word_1_75' title='bbox 727 1615 909 1716; x_wconf 85' lang='lat' dir='ltr'>pellectus,</span> <span class='ocrx_word' id='word_1_76' title='bbox 929 1642 1069 1693; x_wconf 85' lang='lat' dir='ltr'>necnon</span> 
     </span>
    </p>
   </div>
   <div class='ocr_carea' id='block_1_6' title="bbox 86 1723 1086 2134">
    <p class='ocr_par' dir='ltr' id='par_1_6' title="bbox 86 1723 1086 2134">
     <span class='ocr_line' id='line_1_12' title="bbox 87 1723 1068 1827; baseline 0.002 -30"><span class='ocrx_word' id='word_1_77' title='bbox 87 1726 198 1827; x_wconf 90' lang='lat' dir='ltr'><strong>impio</strong></span> <span class='ocrx_word' id='word_1_78' title='bbox 224 1723 268 1796; x_wconf 93' lang='lat' dir='ltr'><strong>ab</strong></span> <span class='ocrx_word' id='word_1_79' title='bbox 293 1725 458 1824; x_wconf 88' lang='lat' dir='ltr'><strong>episcopo</strong></span> <span class='ocrx_word' id='word_1_80' title='bbox 484 1725 728 1818; x_wconf 84' lang='lat' dir='ltr'><strong>Constantino,</strong></span> <span class='ocrx_word' id='word_1_81' title='bbox 752 1725 885 1798; x_wconf 90' lang='lat' dir='ltr'><strong>bellum</strong></span> <span class='ocrx_word' id='word_1_82' title='bbox 901 1728 1013 1802; x_wconf 85' lang='lat' dir='ltr'><strong>movit</strong></span> <span class='ocrx_word' id='word_1_83' title='bbox 1029 1729 1068 1800; x_wconf 88' lang='lat' dir='ltr'><strong>in</strong></span> 
     </span>
     <span class='ocr_line' id='line_1_13' title="bbox 86 1831 1068 1936; baseline 0.005 -31"><span class='ocrx_word' id='word_1_84' title='bbox 86 1837 257 1936; x_wconf 78' lang='lat' dir='ltr'><strong>imagines</strong></span> <span class='ocrx_word' id='word_1_85' title='bbox 290 1835 485 1931; x_wconf 83' lang='lat' dir='ltr'><strong>harumque</strong></span> <span class='ocrx_word' id='word_1_86' title='bbox 520 1831 743 1926; x_wconf 80' lang='lat' dir='ltr'><strong>defensores3</strong></span> <span class='ocrx_word' id='word_1_87' title='bbox 758 1862 765 1870; x_wconf 69' lang='grc'><em>“</em></span> <span class='ocrx_word' id='word_1_88' title='bbox 778 1835 820 1905; x_wconf 91' lang='lat' dir='ltr'><strong>S.</strong></span> <span class='ocrx_word' id='word_1_89' title='bbox 834 1855 836 1860; x_wconf 84' lang='lat'>&#39;</span> <span class='ocrx_word' id='word_1_90' title='bbox 851 1836 1068 1910; x_wconf 85' lang='lat' dir='ltr'><strong>Gennanunt</strong></span> 
     </span>
     <span class='ocr_line' id='line_1_14' title="bbox 90 1941 1075 2046; baseline -0.001 -29"><span class='ocrx_word' id='word_1_91' title='bbox 90 1947 235 2046; x_wconf 87' lang='lat' dir='ltr'><strong>Cpnum</strong></span> <span class='ocrx_word' id='word_1_92' title='bbox 264 1941 392 2042; x_wconf 81' lang='lat' dir='ltr'><strong>jubens</strong></span> <span class='ocrx_word' id='word_1_93' title='bbox 417 1942 650 2041; x_wconf 81' lang='lat' dir='ltr'><strong>strangulari,</strong></span> <span class='ocrx_word' id='word_1_94' title='bbox 675 1943 916 2041; x_wconf 83' lang='lat' dir='ltr'><strong>loannemque</strong></span> <span class='ocrx_word' id='word_1_95' title='bbox 945 1944 1075 2016; x_wconf 66' lang='lat' dir='ltr'><strong>Dama</strong></span> 
     </span>
     <span class='ocr_line' id='line_1_15' title="bbox 91 2051 1086 2134; baseline -0.004 -6"><span class='ocrx_word' id='word_1_96' title='bbox 91 2079 238 2128; x_wconf 83' lang='lat' dir='ltr'><strong>scenam</strong></span> <span class='ocrx_word' id='word_1_97' title='bbox 263 2051 405 2124; x_wconf 82' lang='lat' dir='ltr'><strong>dextera</strong></span> <span class='ocrx_word' id='word_1_98' title='bbox 430 2051 585 2125; x_wconf 79' lang='lat' dir='ltr'><strong>mutilati</strong></span> <span class='ocrx_word' id='word_1_99' title='bbox 611 2052 741 2129; x_wconf 85' lang='lat' dir='ltr'><strong>faciens</strong></span> <span class='ocrx_word' id='word_1_100' title='bbox 766 2054 912 2126; x_wconf 82' lang='lat' dir='ltr'><strong>artificio</strong></span> <span class='ocrx_word' id='word_1_101' title='bbox 928 2051 1086 2134; x_wconf 65' lang='lat' dir='ltr'><strong>menda-3</strong></span> 
     </span>
    </p>
   </div>
   <div class='ocr_carea' id='block_1_7' title="bbox 21 2160 1070 2262">
    <p class='ocr_par' dir='ltr' id='par_1_7' title="bbox 21 2146 1070 2262">
     <span class='ocr_line' id='line_1_16' title="bbox 21 2160 1070 2262; baseline -0.002 -24"><span class='ocrx_word' id='word_1_102' title='bbox 21 2197 24 2206; x_wconf 87' lang='lat'>·</span> <span class='ocrx_word' id='word_1_103' title='bbox 87 2166 159 2238; x_wconf 86' lang='lat' dir='ltr'><strong>eii:</strong></span> <span class='ocrx_word' id='word_1_104' title='bbox 186 2189 265 2261; x_wconf 79' lang='lat' dir='ltr'><strong>quae</strong></span> <span class='ocrx_word' id='word_1_105' title='bbox 290 2177 410 2233; x_wconf 87' lang='lat' dir='ltr'><strong>tamen</strong></span> <span class='ocrx_word' id='word_1_106' title='bbox 436 2160 560 2234; x_wconf 75' lang='lat' dir='ltr'><strong>eadem</strong></span> <span class='ocrx_word' id='word_1_107' title='bbox 585 2164 618 2236; x_wconf 88' lang='lat' dir='ltr'><strong>ei</strong></span> <span class='ocrx_word' id='word_1_108' title='bbox 644 2161 701 2234; x_wconf 91' lang='lat' dir='ltr'><strong>die</strong></span> <span class='ocrx_word' id='word_1_109' title='bbox 727 2161 898 2236; x_wconf 80' lang='lat' dir='ltr'><strong>bonefacio</strong></span> <span class='ocrx_word' id='word_1_110' title='bbox 911 2163 1070 2262; x_wconf 32' lang='lat' dir='ltr'><strong>*vinginis</strong></span> 
     </span>
    </p>
   </div>
   <div class='ocr_carea' id='block_1_8' title="bbox 90 2269 1159 3032">
    <p class='ocr_par' dir='ltr' id='par_1_8' title="bbox 90 2269 1159 3032">
     <span class='ocr_line' id='line_1_17' title="bbox 91 2269 1070 2375; baseline 0.002 -31"><span class='ocrx_word' id='word_1_111' title='bbox 91 2272 253 2375; x_wconf 66' lang='lat' dir='ltr'><strong>restituta</strong></span> <span class='ocrx_word' id='word_1_112' title='bbox 278 2270 355 2343; x_wconf 82' lang='lat' dir='ltr'><strong>luit.</strong></span> <span class='ocrx_word' id='word_1_113' title='bbox 381 2271 438 2342; x_wconf 91' lang='lat' dir='ltr'><strong>Sic</strong></span> <span class='ocrx_word' id='word_1_114' title='bbox 455 2269 672 2370; x_wconf 78' lang='lat' dir='ltr'><strong>belligeravit</strong></span> <span class='ocrx_word' id='word_1_115' title='bbox 690 2287 727 2344; x_wconf 90' lang='lat' dir='ltr'><strong>et</strong></span> <span class='ocrx_word' id='word_1_116' title='bbox 743 2273 980 2347; x_wconf 73' lang='lat' dir='ltr'><strong>internecione</strong></span> <span class='ocrx_word' id='word_1_117' title='bbox 997 2299 1070 2346; x_wconf 86' lang='lat' dir='ltr'><strong>ma·</strong></span> 
     </span>
     <span class='ocr_line' id='line_1_18' title="bbox 91 2382 1070 2482; baseline 0 -27"><span class='ocrx_word' id='word_1_118' title='bbox 91 2383 144 2482; x_wconf 90' lang='lat' dir='ltr'><strong>gis</strong></span> <span class='ocrx_word' id='word_1_119' title='bbox 169 2383 281 2456; x_wconf 83' lang='lat' dir='ltr'><strong>soeviit</strong></span> <span class='ocrx_word' id='word_1_120' title='bbox 297 2382 334 2454; x_wconf 91' lang='lat' dir='ltr'><strong>in</strong></span> <span class='ocrx_word' id='word_1_121' title='bbox 351 2383 533 2480; x_wconf 82' lang='lat' dir='ltr'><strong>Magnetes</strong></span> <span class='ocrx_word' id='word_1_122' title='bbox 559 2398 766 2482; x_wconf 88' lang='lat' dir='ltr'><strong>sanctosque</strong></span> <span class='ocrx_word' id='word_1_123' title='bbox 784 2384 877 2459; x_wconf 85' lang='lat' dir='ltr'><strong>viros</strong></span> <span class='ocrx_word' id='word_1_124' title='bbox 899 2385 1070 2466; x_wconf 58' lang='lat' dir='ltr'><strong>Constanf</strong></span> 
     </span>
     <span class='ocr_line' id='line_1_19' title="bbox 91 2489 1073 2592; baseline 0.003 -28"><span class='ocrx_word' id='word_1_125' title='bbox 91 2494 185 2565; x_wconf 90' lang='lat' dir='ltr'><strong>tinus</strong></span> <span class='ocrx_word' id='word_1_126' title='bbox 209 2489 302 2564; x_wconf 87' lang='lat' dir='ltr'><strong>illius</strong></span> <span class='ocrx_word' id='word_1_127' title='bbox 327 2490 429 2584; x_wconf 80' lang='lat' dir='ltr'><strong>filins,</strong></span> <span class='ocrx_word' id='word_1_128' title='bbox 455 2493 641 2591; x_wconf 78' lang='lat' dir='ltr'><strong>agnomine</strong></span> <span class='ocrx_word' id='word_1_129' title='bbox 673 2491 951 2592; x_wconf 81' lang='lat' dir='ltr'><strong>Copronymus,</strong></span> <span class='ocrx_word' id='word_1_130' title='bbox 977 2491 1073 2590; x_wconf 85' lang='lat' dir='ltr'><strong>quod</strong></span> 
     </span>
     <span class='ocr_line' id='line_1_20' title="bbox 93 2599 1080 2703; baseline -0.003 -29"><span class='ocrx_word' id='word_1_131' title='bbox 93 2602 201 2703; x_wconf 86' lang='lat' dir='ltr'><strong>ipsius</strong></span> <span class='ocrx_word' id='word_1_132' title='bbox 226 2615 314 2686; x_wconf 69' lang='lat' dir='ltr'><strong>alapae</strong></span> <span class='ocrx_word' id='word_1_133' title='bbox 331 2616 505 2677; x_wconf 78' lang='lat' dir='ltr'><strong>stercusve</strong></span> <span class='ocrx_word' id='word_1_134' title='bbox 530 2601 703 2701; x_wconf 80' lang='lat' dir='ltr'><strong>spumant</strong></span> <span class='ocrx_word' id='word_1_135' title='bbox 726 2599 891 2702; x_wconf 83' lang='lat' dir='ltr'><strong>baptismi</strong></span> <span class='ocrx_word' id='word_1_136' title='bbox 917 2600 1080 2690; x_wconf 65' lang='lat' dir='ltr'><strong>fontemj·</strong></span> 
     </span>
     <span class='ocr_line' id='line_1_21' title="bbox 94 2707 1073 2814; baseline -0.005 -29"><span class='ocrx_word' id='word_1_137' title='bbox 94 2712 254 2814; x_wconf 76' lang='lat' dir='ltr'><strong>praehens</strong></span> <span class='ocrx_word' id='word_1_138' title='bbox 270 2714 320 2787; x_wconf 84' lang='lat' dir='ltr'><strong>sic</strong></span> <span class='ocrx_word' id='word_1_139' title='bbox 337 2739 454 2802; x_wconf 83' lang='lat' dir='ltr'><strong>omen,</strong></span> <span class='ocrx_word' id='word_1_140' title='bbox 466 2709 577 2782; x_wconf 90' lang='lat' dir='ltr'><strong>adulti</strong></span> <span class='ocrx_word' id='word_1_141' title='bbox 593 2711 774 2810; x_wconf 83' lang='lat' dir='ltr'><strong>impietate</strong></span> <span class='ocrx_word' id='word_1_142' title='bbox 787 2707 992 2808; x_wconf 82' lang='lat' dir='ltr'><strong>regnatoris,</strong></span> <span class='ocrx_word' id='word_1_143' title='bbox 1005 2708 1073 2780; x_wconf 85' lang='lat' dir='ltr'><strong>Dei·</strong></span> 
     </span>
     <span class='ocr_line' id='line_1_22' title="bbox 93 2816 1159 2921; baseline -0.009 -25"><span class='ocrx_word' id='word_1_144' title='bbox 93 2825 288 2898; x_wconf 80' lang='lat' dir='ltr'><strong>Ecclesiam</strong></span> <span class='ocrx_word' id='word_1_145' title='bbox 314 2824 389 2898; x_wconf 85' lang='lat' dir='ltr'><strong>sore</strong></span> <span class='ocrx_word' id='word_1_146' title='bbox 406 2817 730 2921; x_wconf 81' lang='lat' dir='ltr'><strong>conspurcandam:</strong></span> <span class='ocrx_word' id='word_1_147' title='bbox 757 2817 822 2889; x_wconf 85' lang='lat' dir='ltr'><strong>etsi</strong></span> <span class='ocrx_word' id='word_1_148' title='bbox 839 2816 982 2888; x_wconf 86' lang='lat' dir='ltr'><strong>tandem</strong></span> <span class='ocrx_word' id='word_1_149' title='bbox 995 2839 1080 2888; x_wconf 68' lang='lat' dir='ltr'><strong>ean·</strong></span> <span class='ocrx_word' id='word_1_150' title='bbox 1153 2888 1159 2894; x_wconf 77' lang='grc'><strong>,</strong></span> 
     </span>
     <span class='ocr_line' id='line_1_23' title="bbox 90 2927 1071 3032; baseline -0.003 -28"><span class='ocrx_word' id='word_1_151' title='bbox 90 2932 252 3006; x_wconf 86' lang='lat' dir='ltr'><strong>buneulis&#39;</strong></span> <span class='ocrx_word' id='word_1_152' title='bbox 277 2957 378 3004; x_wconf 83' lang='lat' dir='ltr'><strong>crura</strong></span> <span class='ocrx_word' id='word_1_153' title='bbox 403 2930 569 3032; x_wconf 86' lang='lat' dir='ltr'><strong>depastus</strong></span> <span class='ocrx_word' id='word_1_154' title='bbox 602 2929 777 3027; x_wconf 85' lang='lat' dir='ltr'><strong>mortique</strong></span> <span class='ocrx_word' id='word_1_155' title='bbox 803 2927 994 3028; x_wconf 83' lang='lat' dir='ltr'><strong>proximus,</strong></span> <span class='ocrx_word' id='word_1_156' title='bbox 1016 2927 1071 3001; x_wconf 79' lang='lat' dir='ltr'><strong>atl-</strong></span> 
     </span>
    </p>
   </div>
   <div class='ocr_carea' id='block_1_9' title="bbox 10 3037 1073 3145">
    <p class='ocr_par' dir='ltr' id='par_1_9' title="bbox 10 3037 1073 3145">
     <span class='ocr_line' id='line_1_24' title="bbox 10 3037 1073 3145; baseline -0.004 -31"><span class='ocrx_word' id='word_1_157' title='bbox 10 3137 11 3145; x_wconf 8' lang='grc' dir='ltr'>ἵ</span> <span class='ocrx_word' id='word_1_158' title='bbox 94 3045 148 3114; x_wconf 87' lang='lat' dir='ltr'><strong>uri</strong></span> <span class='ocrx_word' id='word_1_159' title='bbox 187 3069 224 3118; x_wconf 89' lang='lat' dir='ltr'><strong>se</strong></span> <span class='ocrx_word' id='word_1_160' title='bbox 263 3043 418 3116; x_wconf 86' lang='lat' dir='ltr'><strong>clamans</strong></span> <span class='ocrx_word' id='word_1_161' title='bbox 442 3041 603 3114; x_wconf 83' lang='lat' dir='ltr'><strong>inlernali</strong></span> <span class='ocrx_word' id='word_1_162' title='bbox 632 3039 738 3113; x_wconf 84' lang='lat' dir='ltr'><strong>febris</strong></span> <span class='ocrx_word' id='word_1_163' title='bbox 763 3039 888 3112; x_wconf 81' lang='lat' dir='ltr'><strong>ardore</strong></span> <span class='ocrx_word' id='word_1_164' title='bbox 913 3037 960 3112; x_wconf 88' lang='lat' dir='ltr'><strong>ob</strong></span> <span class='ocrx_word' id='word_1_165' title='bbox 994 3039 1073 3112; x_wconf 90' lang='lat' dir='ltr'><strong>Dei·</strong></span> 
     </span>
    </p>
   </div>
   <div class='ocr_carea' id='block_1_10' title="bbox 94 3149 1078 3258">
    <p class='ocr_par' dir='ltr' id='par_1_10' title="bbox 94 3149 1078 3258">
     <span class='ocr_line' id='line_1_25' title="bbox 94 3149 1078 3258; baseline -0.002 -34"><span class='ocrx_word' id='word_1_166' title='bbox 94 3179 188 3254; x_wconf 81' lang='lat' dir='ltr'><strong>pane</strong></span> <span class='ocrx_word' id='word_1_167' title='bbox 213 3152 440 3226; x_wconf 87' lang='lat' dir='ltr'><strong>violationem</strong></span> <span class='ocrx_word' id='word_1_168' title='bbox 467 3150 592 3242; x_wconf 87' lang='lat' dir='ltr'><strong>cultus,</strong></span> <span class='ocrx_word' id='word_1_169' title='bbox 608 3151 720 3258; x_wconf 82' lang='lat' dir='ltr'><strong>ipsam</strong></span> <span class='ocrx_word' id='word_1_170' title='bbox 737 3149 818 3222; x_wconf 92' lang='lat' dir='ltr'><strong>ideo</strong></span> <span class='ocrx_word' id='word_1_171' title='bbox 837 3151 875 3221; x_wconf 92' lang='lat' dir='ltr'><strong>in</strong></span> <span class='ocrx_word' id='word_1_172' title='bbox 892 3165 1078 3250; x_wconf 84' lang='lat' dir='ltr'><strong>posterum</strong></span> 
     </span>
    </p>
   </div>
   <div class='ocr_carea' id='block_1_11' title="bbox 11 3257 1075 3359">
    <p class='ocr_par' dir='ltr' id='par_1_11' title="bbox 11 3257 1075 3359">
     <span class='ocr_line' id='line_1_26' title="bbox 11 3257 1075 3359; baseline -0.008 -20"><span class='ocrx_word' id='word_1_173' title='bbox 11 3285 38 3308; x_wconf 69' lang='lat'><strong>&#39;-</strong></span> <span class='ocrx_word' id='word_1_174' title='bbox 95 3264 165 3338; x_wconf 81' lang='lat' dir='ltr'><strong>coti</strong></span> <span class='ocrx_word' id='word_1_175' title='bbox 191 3257 236 3336; x_wconf 90' lang='lat' dir='ltr'><strong>ab</strong></span> <span class='ocrx_word' id='word_1_176' title='bbox 260 3261 425 3335; x_wconf 88' lang='lat' dir='ltr'><strong>omnibus</strong></span> <span class='ocrx_word' id='word_1_177' title='bbox 445 3261 559 3359; x_wconf 78' lang='lat' dir='ltr'><strong>jussit</strong></span> <span class='ocrx_word' id='word_1_178' title='bbox 585 3261 696 3359; x_wconf 88' lang='lat' dir='ltr'><strong>Hujus</strong></span> <span class='ocrx_word' id='word_1_179' title='bbox 726 3258 808 3331; x_wconf 89' lang='lat' dir='ltr'><strong>dein</strong></span> <span class='ocrx_word' id='word_1_180' title='bbox 834 3257 947 3351; x_wconf 89' lang='lat' dir='ltr'><strong>lilius,</strong></span> <span class='ocrx_word' id='word_1_181' title='bbox 972 3259 1075 3346; x_wconf 57' lang='lat' dir='ltr'><strong>Leo)</strong></span> 
     </span>
    </p>
   </div>
   <div class='ocr_carea' id='block_1_12' title="bbox 94 3368 1083 3696">
    <p class='ocr_par' dir='ltr' id='par_1_12' title="bbox 94 3368 1083 3696">
     <span class='ocr_line' id='line_1_27' title="bbox 94 3368 1083 3460; baseline -0.004 -17"><span class='ocrx_word' id='word_1_182' title='bbox 94 3374 252 3444; x_wconf 85' lang='lat' dir='ltr'><strong>Leonem</strong></span> <span class='ocrx_word' id='word_1_183' title='bbox 276 3395 382 3446; x_wconf 88' lang='lat' dir='ltr'><strong>avum</strong></span> <span class='ocrx_word' id='word_1_184' title='bbox 407 3368 694 3444; x_wconf 81' lang='lat' dir='ltr'><strong>Iconomaclzum</strong></span> <span class='ocrx_word' id='word_1_185' title='bbox 713 3370 868 3441; x_wconf 85' lang='lat' dir='ltr'><strong>imitatus</strong></span> <span class='ocrx_word' id='word_1_186' title='bbox 885 3383 948 3460; x_wconf 75' lang='lat' dir='ltr'><strong>est3</strong></span> <span class='ocrx_word' id='word_1_187' title='bbox 965 3383 1001 3440; x_wconf 88' lang='lat' dir='ltr'><strong>at</strong></span> <span class='ocrx_word' id='word_1_188' title='bbox 1017 3393 1083 3440; x_wconf 53' lang='lat' dir='ltr'><strong>eoa</strong></span> 
     </span>
     <span class='ocr_line' id='line_1_28' title="bbox 102 3469 1076 3584; baseline -0.007 -26"><span class='ocrx_word' id='word_1_189' title='bbox 102 3483 186 3558; x_wconf 90' lang='lat' dir='ltr'><strong>dem</strong></span> <span class='ocrx_word' id='word_1_190' title='bbox 210 3484 285 3584; x_wconf 88' lang='lat' dir='ltr'><strong>ipse</strong></span> <span class='ocrx_word' id='word_1_191' title='bbox 309 3469 449 3556; x_wconf 85' lang='lat' dir='ltr'><strong>morbo</strong></span> <span class='ocrx_word' id='word_1_192' title='bbox 462 3483 501 3554; x_wconf 91' lang='lat' dir='ltr'><strong>in</strong></span> <span class='ocrx_word' id='word_1_193' title='bbox 526 3483 653 3583; x_wconf 86' lang='lat' dir='ltr'><strong>capite,</strong></span> <span class='ocrx_word' id='word_1_194' title='bbox 678 3480 852 3554; x_wconf 85' lang='lat' dir='ltr'><strong>abstracta</strong></span> <span class='ocrx_word' id='word_1_195' title='bbox 864 3482 938 3581; x_wconf 87' lang='lat' dir='ltr'><strong>jam</strong></span> <span class='ocrx_word' id='word_1_196' title='bbox 955 3507 974 3552; x_wconf 90' lang='lat' dir='ltr'><strong>e</strong></span> <span class='ocrx_word' id='word_1_197' title='bbox 992 3485 1076 3552; x_wconf 83' lang='lat' dir='ltr'><strong>tem·</strong></span> 
     </span>
     <span class='ocr_line' id='line_1_29' title="bbox 96 3589 1075 3696; baseline -0.008 -30"><span class='ocrx_word' id='word_1_198' title='bbox 96 3594 159 3696; x_wconf 87' lang='lat' dir='ltr'><strong>plo</strong></span> <span class='ocrx_word' id='word_1_199' title='bbox 185 3605 314 3668; x_wconf 84' lang='lat' dir='ltr'><strong>corona</strong></span> <span class='ocrx_word' id='word_1_200' title='bbox 338 3591 528 3686; x_wconf 87' lang='lat' dir='ltr'><strong>redimito,</strong></span> <span class='ocrx_word' id='word_1_201' title='bbox 553 3605 738 3694; x_wconf 85' lang='lat' dir='ltr'><strong>correptus</strong></span> <span class='ocrx_word' id='word_1_202' title='bbox 763 3589 829 3663; x_wconf 84' lang='lat' dir='ltr'><strong>luit</strong></span> <span class='ocrx_word' id='word_1_203' title='bbox 863 3602 1075 3686; x_wconf 89' lang='lat' dir='ltr'><strong>enectusque</strong></span> 
     </span>
    </p>
   </div>
   <div class='ocr_carea' id='block_1_13' title="bbox 13 3705 227 3810">
    <p class='ocr_par' dir='ltr' id='par_1_13' title="bbox 13 3705 227 3810">
     <span class='ocr_line' id='line_1_30' title="bbox 13 3705 227 3810; baseline 0 -32"><span class='ocrx_word' id='word_1_204' title='bbox 13 3789 14 3810; x_wconf 13' lang='grc' dir='ltr'>χ</span> <span class='ocrx_word' id='word_1_205' title='bbox 96 3705 227 3778; x_wconf 86' lang='lat' dir='ltr'><strong>statim.</strong></span> 
     </span>
    </p>
   </div>
   <div class='ocr_carea' id='block_1_14' title="bbox 147 3805 1074 3906">
    <p class='ocr_par' dir='ltr' id='par_1_14' title="bbox 147 3805 1074 3906">
     <span class='ocr_line' id='line_1_31' title="bbox 147 3805 1074 3906; baseline -0.016 -16"><span class='ocrx_word' id='word_1_206' title='bbox 147 3819 281 3890; x_wconf 87' lang='lat' dir='ltr'><strong>Verum</strong></span> <span class='ocrx_word' id='word_1_207' title='bbox 305 3812 557 3888; x_wconf 84' lang='lat' dir='ltr'><strong>Constantinus</strong></span> <span class='ocrx_word' id='word_1_208' title='bbox 578 3808 677 3902; x_wconf 85' lang='lat' dir='ltr'><strong>alter,</strong></span> <span class='ocrx_word' id='word_1_209' title='bbox 693 3808 766 3906; x_wconf 90' lang='lat' dir='ltr'><strong>ejus</strong></span> <span class='ocrx_word' id='word_1_210' title='bbox 784 3805 879 3878; x_wconf 81' lang='lat' dir='ltr'><strong>lilius</strong></span> <span class='ocrx_word' id='word_1_211' title='bbox 890 3805 1074 3906; x_wconf 69' lang='lat' dir='ltr'><strong>haeresque</strong></span> 
     </span>
    </p>
   </div>
   <div class='ocr_carea' id='block_1_15' title="bbox 13 3914 1076 4032">
    <p class='ocr_par' dir='ltr' id='par_1_15' title="bbox 13 3914 1076 4032">
     <span class='ocr_line' id='line_1_32' title="bbox 13 3914 1076 4032; baseline -0.008 -29"><span class='ocrx_word' id='word_1_212' title='bbox 13 3941 14 3944; x_wconf 75' lang='grc'>’</span> <span class='ocrx_word' id='word_1_213' title='bbox 97 3931 221 4032; x_wconf 85' lang='lat' dir='ltr'><strong>regni,</strong></span> <span class='ocrx_word' id='word_1_214' title='bbox 245 3927 482 4030; x_wconf 86' lang='lat' dir='ltr'><strong>proscriptum</strong></span> <span class='ocrx_word' id='word_1_215' title='bbox 506 3921 735 4022; x_wconf 85' lang='lat' dir='ltr'><strong>attritumque</strong></span> <span class='ocrx_word' id='word_1_216' title='bbox 766 3915 901 3991; x_wconf 87' lang='lat' dir='ltr'><strong>cultum</strong></span> <span class='ocrx_word' id='word_1_217' title='bbox 931 3914 1076 3998; x_wconf 76' lang='lat' dir='ltr'><strong>reduxit</strong></span> 
     </span>
    </p>
   </div>
   <div class='ocr_carea' id='block_1_16' title="bbox 0 0 1481 4962">
    <p class='ocr_par' dir='ltr' id='par_1_16' title="bbox 0 0 1481 4962">
     <span class='ocr_line' id='line_1_33' title="bbox 0 0 1481 4962; baseline 0 0"><span class='ocrx_word' id='word_1_218' title='bbox 0 0 1481 4962; x_wconf 95' lang='lat' dir='ltr'><strong> </strong></span> 
     </span>
    </p>
   </div>
  </div>
 </body>
</html>
