2942 4962
396 465 469 540 164
647 483 709 534 ur.
734 487 771 534 rr
796 483 963 535 suerroms
988 484 1021 532 rr
1049 485 1078 534 e.
1103 487 1118 531 1

394 573 463 647 ullo
488 571 595 647 modo
620 595 738 646 servus
764 568 834 642 dici
860 571 1075 655 necessitate,
1100 569 1267 669 quoniam
1292 595 1380 670 per·-

391 709 474 757 sona
497 681 603 756 Verbi
620 680 769 754 sormam
786 678 876 750 servi
894 694 1017 777 sponte
1034 677 1207 778 suscepit:
1233 693 1270 754 et
1285 681 1368 778 quia

391 795 548 868 Christus
574 807 627 864 est
652 789 758 863 Filius
782 789 848 861 Dei
865 787 1040 880 naturalis,
1056 788 1178 886 nequit
1193 787 1299 862 etiam
1316 787 1368 862 di·

391 907 422 977 ei
448 931 566 979 servus
591 902 707 976 servili
731 899 944 988 conditione,
969 898 1061 973 idest
1085 903 1246 974 servitute
1263 900 1370 999 legali

388 1032 423 1088 et
439 1019 598 1089 servitute
609 1014 763 1112 peccati,
780 1037 850 1109 quo
868 1015 971 1083 sensu
988 1027 1141 1084 renuunt
1155 1013 1222 1085 ΡΡ.
1238 1011 1369 1086 Franc-

389 1125 591 1218 lordienses‚
617 1139 738 1197 contra
763 1123 888 1196 Felicis
909 1139 1013 1221 atque
1029 1122 1194 1224 Elipandi
1209 1122 1368 1225 blasphe-

388 1239 485 1310 mias.
512 1237 568 1309 Sic
592 1237 769 1310 variorum
794 1251 924 1307 asserta
949 1234 1188 1308 conciliantur.

434 1347 647 1420 Exercitatio
672 1347 716 1428 ΙΙ.
741 1327 985 1444 Investigatur,
1010 1372 1096 1417 num
1121 1345 1300 1445 probanda
1317 1348 1365 1420 sit

387 1455 532 1529 celebris
557 1456 752 1544 sententia,
777 1479 871 1528 nnus
897 1455 939 1527 de
977 1456 1149 1528 llinitute
1177 1479 1304 1553 passus
1327 1471 1364 1530 et

383 1581 545 1638 mortuus
570 1567 652 1638 est?
677 1589 717 1637 ae
740 1563 943 1638 brevissime
967 1563 1174 1666 respondeo.
1191 1564 1363 1637 Constan-

383 1672 633 1774 tinopolitanus
659 1674 813 1746 Antistes
831 1674 864 1745 S.
881 1673 1047 1768 Procius,
1074 1672 1361 1746 Nestorianorum

384 1781 542 1874 malleus,
567 1784 638 1854 suis'
662 1783 700 1853 in
725 1782 862 1882 scriptis
888 1781 1051 1874 adseruit,
1075 1805 1192 1854 unum
1216 1779 1259 1852 de
1288 1779 1364 1852 Tri·

318 1947 328 1962 .
384 1895 493 1965 nitate
519 1896 747 1965 incarnatum
771 1894 1002 1991 eumdemque
1018 1890 1254 1976 crucifixum,
1275 1889 1363 1988 quin

383 1999 584 2072 Catholicus
609 2001 754 2097 quisque
781 2001 995 2074 reclamaret
1025 2001 1088 2072 llis
1112 2023 1196 2072 sano
1228 1997 1362 2071 intelle-

383 2125 442 2180 ctu
468 2110 611 2209 prolatis
635 2109 726 2181 male
752 2137 834 2184 usus
860 2128 914 2184 est
943 2106 1141 2187 antiocheni
1173 2109 1362 2210 Episcopo·

382 2233 439 2289 tus
464 2219 612 2311 invasor,
628 2219 867 2319 Eutychianos
883 2222 1002 2311 homo,
1018 2220 1143 2291 Petrus
1158 2219 1361 2320 Gnaphaeus

383 2349 444 2395 seu
470 2324 582 2416 Fullo,
606 2326 793 2398 Orientalis
817 2327 983 2400 Ecclesiae
1008 2327 1162 2427 trisagio,
1185 2325 1281 2425 quod
1305 2341 1360 2401 to·

280 2433 282 2442 ⁴
382 2447 455 2504 tam
481 2431 525 2504 ad
550 2432 716 2506 Triadem
741 2434 795 2510 vel
821 2435 935 2508 solum
961 2435 1005 2508 ad
1031 2436 1212 2511 Christum
1235 2434 1357 2510 referri
1462 2445 1463 2469 l

380 2560 509 2644 potest,
533 2543 638 2618 verba
665 2546 772 2618 etiam
797 2546 927 2622 addens
953 2551 1048 2642 haec,
1072 2551 1136 2649 qui
1151 2575 1281 2648 passus
1304 2565 1358 2624 est
1461 2583 1462 2604 r

364 2675 444 2758 :pro
470 2653 584 2742 nobis,
609 2671 649 2727 ut
674 2653 852 2749 indicaret,
877 2683 1020 2757 passum
1044 2657 1202 2730 Verbum
1218 2658 1256 2729 in
1280 2657 1356 2759 ipsa

382 2762 570 2839 divinitate.
594 2769 742 2842 Posthac
767 2769 906 2869 Scythae
931 2763 1073 2868 quidam
1090 2771 1252 2844 Monachi
1269 2771 1359 2844 inso-

381 2873 493 2948 lenter
518 2903 559 2950 ae
584 2878 746 2952 seditiose
773 2879 1039 2972 contenderunt,
1064 2880 1263 2954 addendum
1280 2906 1356 2953 esse

383 2983 465 3055 lidei
490 2984 695 3085 professioni
721 2989 854 3087 Synodi
880 2989 1182 3085 Chalcedonensis,
1198 3017 1292 3065 unus
1312 2991 1357 3065 de
1459 3007 1460 3016 ’

388 3094 558 3168 Trinitnte
575 3121 706 3196 pessus
731 3112 795 3186 est,
821 3101 917 3197 quasi
942 3126 1066 3174 manea
1087 3102 1159 3174 sine
1176 3103 1244 3175 hoc
1261 3100 1358 3173 addi·
1458 3173 1459 3184 ,

382 3219 537 3278 tomento
554 3222 734 3306 perstaret:
753 3234 813 3282 eos
829 3225 948 3282 autem
964 3215 1119 3286 co'e'rcuit
1139 3213 1356 3319 HormisdaS.

429 3321 550 3418 Itaque
577 3311 718 3394 sanctus
740 3324 797 3397 hic
824 3341 859 3397 et
884 3345 1042 3400 summus
1067 3329 1266 3419 Hierarcha,
1282 3354 1358 3401 non

378 3429 474 3503 velut
497 3434 695 3505 haereticam
721 3451 780 3507 aut
806 3462 986 3510 erroneam
1012 3441 1215 3538 perstrinxit
1246 3439 1358 3513 istius·

377 3538 473 3612 modi
499 3542 796 3641 propositionem3
823 3544 886 3617 sed
912 3547 1164 3622 Monachorum
1199 3549 1356 3649 Scythiae

376 3652 602 3748 pertinaciam
629 3651 884 3754 additionisque
915 3659 1184 3758 praetensionem
1218 3659 1354 3732 novita-

377 3775 519 3856 temque
543 3760 727 3834 locutiouis
745 3765 886 3865 hujusce
903 3771 1092 3866 repressit,
1118 3767 1352 3871 exprobravit.

377 3867 469 3940 Ante
497 3894 576 3948 vero
602 3873 765 3946 eumdem
791 3875 1025 3972 Hormisdam,
1040 3876 1069 3950 F
1071 3878 1138 3952 elix
1155 3881 1206 3952 ΙΙΙ
1223 3879 1259 3950 in
1277 3903 1353 3952 sen·
1454 3911 1455 3935 1
