<?xml version="1.0" encoding="UTF-8"?>
<!DOCTYPE html PUBLIC "-//W3C//DTD XHTML 1.0 Transitional//EN"
    "http://www.w3.org/TR/xhtml1/DTD/xhtml1-transitional.dtd">
<html xmlns="http://www.w3.org/1999/xhtml" xml:lang="en" lang="en">
 <head>
  <title>
</title>
<meta http-equiv="Content-Type" content="text/html;charset=utf-8" />
  <meta name='ocr-system' content='tesseract 3.04.00' />
  <meta name='ocr-capabilities' content='ocr_page ocr_carea ocr_par ocr_line ocrx_word'/>
</head>
<body>
  <div class='ocr_page' id='page_1' title='image "./sacrtheologiins00gutigoog_0156.png"; bbox 0 0 2708 4800; ppageno 0'>
   <div class='ocr_carea' id='block_1_1' title="bbox 54 427 1049 1622">
    <p class='ocr_par' dir='ltr' id='par_1_1' title="bbox 54 427 1049 1622">
     <span class='ocr_line' id='line_1_1' title="bbox 262 427 1035 534; baseline 0.01 -40"><span class='ocrx_word' id='word_1_1' title='bbox 262 451 304 495; x_wconf 80' lang='lat' dir='ltr'>oa</span> <span class='ocrx_word' id='word_1_2' title='bbox 330 445 622 496; x_wconf 79' lang='lat' dir='ltr'>connnnmnone</span> <span class='ocrx_word' id='word_1_3' title='bbox 648 427 835 510; x_wconf 75' lang='lat' dir='ltr'>rotonarun</span> <span class='ocrx_word' id='word_1_4' title='bbox 965 427 1035 534; x_wconf 76' lang='grc'>157</span> 
     </span>
     <span class='ocr_line' id='line_1_2' title="bbox 56 525 1049 632; baseline 0.01 -28"><span class='ocrx_word' id='word_1_5' title='bbox 56 548 153 605; x_wconf 86' lang='lat' dir='ltr'>secta</span> <span class='ocrx_word' id='word_1_6' title='bbox 178 533 458 605; x_wconf 71' lang='lat' dir='ltr'>L&#39;utheranorum</span> <span class='ocrx_word' id='word_1_7' title='bbox 483 530 596 606; x_wconf 85' lang='lat' dir='ltr'>David</span> <span class='ocrx_word' id='word_1_8' title='bbox 621 525 831 632; x_wconf 79' lang='lat' dir='ltr'>Chytraeus·,</span> <span class='ocrx_word' id='word_1_9' title='bbox 860 536 1049 615; x_wconf 81' lang='lat' dir='ltr'>lohannes·</span> 
     </span>
     <span class='ocr_line' id='line_1_3' title="bbox 54 643 1035 749; baseline 0.007 -32"><span class='ocrx_word' id='word_1_10' title='bbox 54 643 263 744; x_wconf 81' lang='lat' dir='ltr'>Widangus‚</span> <span class='ocrx_word' id='word_1_11' title='bbox 279 645 496 741; x_wconf 86' lang='lat' dir='ltr'>Joannesque</span> <span class='ocrx_word' id='word_1_12' title='bbox 513 644 710 743; x_wconf 83' lang='lat' dir='ltr'>praesertim</span> <span class='ocrx_word' id='word_1_13' title='bbox 725 646 887 719; x_wconf 87' lang='lat' dir='ltr'>Brentius</span> <span class='ocrx_word' id='word_1_14' title='bbox 908 648 1035 749; x_wconf 83' lang='lat' dir='ltr'>aliique</span> 
     </span>
     <span class='ocr_line' id='line_1_4' title="bbox 54 751 1038 858; baseline 0.011 -35"><span class='ocrx_word' id='word_1_15' title='bbox 54 751 225 846; x_wconf 80' lang='lat' dir='ltr'>nonnulli,</span> <span class='ocrx_word' id='word_1_16' title='bbox 241 754 303 852; x_wconf 92' lang='lat' dir='ltr'>qui</span> <span class='ocrx_word' id='word_1_17' title='bbox 327 755 459 825; x_wconf 88' lang='lat' dir='ltr'>trinam</span> <span class='ocrx_word' id='word_1_18' title='bbox 479 765 612 849; x_wconf 82' lang='lat' dir='ltr'>naturae</span> <span class='ocrx_word' id='word_1_19' title='bbox 630 753 754 829; x_wconf 88' lang='lat' dir='ltr'>divinae</span> <span class='ocrx_word' id='word_1_20' title='bbox 774 756 1038 858; x_wconf 78' lang='lat' dir='ltr'>proprietatem,</span> 
     </span>
     <span class='ocr_line' id='line_1_5' title="bbox 55 869 1037 970; baseline 0.007 -28"><span class='ocrx_word' id='word_1_21' title='bbox 55 869 358 960; x_wconf 80' lang='lat' dir='ltr'>omniscientiam,</span> <span class='ocrx_word' id='word_1_22' title='bbox 384 869 690 968; x_wconf 85' lang='lat' dir='ltr'>omnipotentiam,</span> <span class='ocrx_word' id='word_1_23' title='bbox 716 871 1037 970; x_wconf 68' lang='lat' dir='ltr'>omnipraesentium</span> 
     </span>
     <span class='ocr_line' id='line_1_6' title="bbox 57 974 1038 1068; baseline 0.007 -18"><span class='ocrx_word' id='word_1_24' title='bbox 57 986 119 1050; x_wconf 77' lang='lat' dir='ltr'>aut</span> <span class='ocrx_word' id='word_1_25' title='bbox 144 974 426 1068; x_wconf 81' lang='lat' dir='ltr'>immensitatem,</span> <span class='ocrx_word' id='word_1_26' title='bbox 451 979 487 1048; x_wconf 91' lang='lat' dir='ltr'>in</span> <span class='ocrx_word' id='word_1_27' title='bbox 515 978 644 1050; x_wconf 80' lang='lat' dir='ltr'>Christi</span> <span class='ocrx_word' id='word_1_28' title='bbox 661 980 860 1065; x_wconf 81' lang='lat' dir='ltr'>¹humanam</span> <span class='ocrx_word' id='word_1_29' title='bbox 877 978 1038 1056; x_wconf 75' lang='lat' dir='ltr'>naturam</span> 
     </span>
     <span class='ocr_line' id='line_1_7' title="bbox 58 1087 1039 1192; baseline 0.007 -31"><span class='ocrx_word' id='word_1_30' title='bbox 58 1088 247 1161; x_wconf 73' lang='lat' dir='ltr'>transfusas</span> <span class='ocrx_word' id='word_1_31' title='bbox 272 1087 377 1160; x_wconf 88' lang='lat' dir='ltr'>fuisse</span> <span class='ocrx_word' id='word_1_32' title='bbox 401 1088 628 1188; x_wconf 84' lang='lat' dir='ltr'>pertendunt,</span> <span class='ocrx_word' id='word_1_33' title='bbox 652 1090 700 1162; x_wconf 86' lang='lat' dir='ltr'>ita</span> <span class='ocrx_word' id='word_1_34' title='bbox 725 1106 765 1164; x_wconf 89' lang='lat' dir='ltr'>ut</span> <span class='ocrx_word' id='word_1_35' title='bbox 791 1095 863 1192; x_wconf 90' lang='lat' dir='ltr'>ejus</span> <span class='ocrx_word' id='word_1_36' title='bbox 884 1089 1039 1168; x_wconf 76' lang='lat' dir='ltr'>humani·-</span> 
     </span>
     <span class='ocr_line' id='line_1_8' title="bbox 55 1197 1038 1302; baseline 0.003 -29"><span class='ocrx_word' id='word_1_37' title='bbox 55 1208 110 1274; x_wconf 82' lang='lat' dir='ltr'>t&#39;as</span> <span class='ocrx_word' id='word_1_38' title='bbox 132 1198 278 1272; x_wconf 84' lang='lat' dir='ltr'>dicenda</span> <span class='ocrx_word' id='word_1_39' title='bbox 302 1200 359 1290; x_wconf 83' lang='lat' dir='ltr'>sit,</span> <span class='ocrx_word' id='word_1_40' title='bbox 377 1198 473 1296; x_wconf 85' lang='lat' dir='ltr'>quod</span> <span class='ocrx_word' id='word_1_41' title='bbox 490 1199 536 1268; x_wconf 90' lang='lat' dir='ltr'>sit</span> <span class='ocrx_word' id='word_1_42' title='bbox 553 1197 691 1296; x_wconf 79' lang='lat' dir='ltr'>ubique.</span> <span class='ocrx_word' id='word_1_43' title='bbox 710 1201 934 1302; x_wconf 83' lang='lat' dir='ltr'>Quapropter</span> <span class='ocrx_word' id='word_1_44' title='bbox 955 1201 1038 1278; x_wconf 70' lang='lat' dir='ltr'>Ubt</span> 
     </span>
     <span class='ocr_line' id='line_1_9' title="bbox 55 1307 1043 1408; baseline 0.006 -28"><span class='ocrx_word' id='word_1_45' title='bbox 55 1312 199 1408; x_wconf 75' lang='lat' dir='ltr'>quiturii</span> <span class='ocrx_word' id='word_1_46' title='bbox 224 1307 267 1378; x_wconf 87' lang='lat' dir='ltr'>ab</span> <span class='ocrx_word' id='word_1_47' title='bbox 293 1307 440 1398; x_wconf 83' lang='lat' dir='ltr'>eadem,</span> <span class='ocrx_word' id='word_1_48' title='bbox 467 1332 572 1403; x_wconf 89' lang='lat' dir='ltr'>quam</span> <span class='ocrx_word' id='word_1_49' title='bbox 597 1307 695 1380; x_wconf 86' lang='lat' dir='ltr'>irrito</span> <span class='ocrx_word' id='word_1_50' title='bbox 725 1312 852 1382; x_wconf 84' lang='lat' dir='ltr'>conatu</span> <span class='ocrx_word' id='word_1_51' title='bbox 882 1311 1043 1386; x_wconf 65' lang='lat' dir='ltr'>venditae</span> 
     </span>
     <span class='ocr_line' id='line_1_10' title="bbox 55 1413 1038 1513; baseline 0.008 -25"><span class='ocrx_word' id='word_1_52' title='bbox 55 1433 151 1508; x_wconf 85' lang='lat' dir='ltr'>runt,</span> <span class='ocrx_word' id='word_1_53' title='bbox 175 1414 379 1513; x_wconf 81' lang='lat' dir='ltr'>ubiquitatis</span> <span class='ocrx_word' id='word_1_54' title='bbox 406 1413 528 1486; x_wconf 83' lang='lat' dir='ltr'>sabella</span> <span class='ocrx_word' id='word_1_55' title='bbox 554 1415 835 1491; x_wconf 89' lang='lat' dir='ltr'>denominantur.</span> <span class='ocrx_word' id='word_1_56' title='bbox 853 1420 958 1510; x_wconf 87' lang='lat' dir='ltr'>Quod</span> <span class='ocrx_word' id='word_1_57' title='bbox 983 1439 1038 1496; x_wconf 79' lang='lat' dir='ltr'>ve·</span> 
     </span>
     <span class='ocr_line' id='line_1_11' title="bbox 55 1524 1048 1622; baseline 0.007 -24"><span class='ocrx_word' id='word_1_58' title='bbox 55 1535 138 1598; x_wconf 77' lang='lat' dir='ltr'>rum</span> <span class='ocrx_word' id='word_1_59' title='bbox 163 1539 227 1616; x_wconf 58' lang='lat' dir='ltr'>est‚‘</span> <span class='ocrx_word' id='word_1_60' title='bbox 278 1526 425 1596; x_wconf 87' lang='lat' dir='ltr'>raefiniet</span> <span class='ocrx_word' id='word_1_61' title='bbox 450 1551 598 1622; x_wconf 89' lang='lat' dir='ltr'>sequens</span> <span class='ocrx_word' id='word_1_62' title='bbox 624 1528 802 1600; x_wconf 85' lang='lat' dir='ltr'>theorema</span> <span class='ocrx_word' id='word_1_63' title='bbox 830 1524 921 1603; x_wconf 83' lang='lat' dir='ltr'>fid&#39;ei:</span> <span class='ocrx_word' id='word_1_64' title='bbox 934 1527 1048 1605; x_wconf 68' lang='lat' dir='ltr'>&#39;theo‘</span> 
     </span>
    </p>
   </div>
   <div class='ocr_carea' id='block_1_2' title="bbox 54 1553 857 1728">
    <p class='ocr_par' dir='ltr' id='par_1_2' title="bbox 54 1553 857 1728">
     <span class='ocr_line' id='line_1_12' title="bbox 54 1553 857 1728; baseline -0.001 -28"><span class='ocrx_word' id='word_1_65' title='bbox 54 1650 154 1700; x_wconf 82' lang='lat' dir='ltr'>rema</span> <span class='ocrx_word' id='word_1_66' title='bbox 179 1553 276 1698; x_wconf 64' lang='lat' dir='ltr'>aliui</span> <span class='ocrx_word' id='word_1_67' title='bbox 299 1625 496 1698; x_wconf 90' lang='lat' dir='ltr'>istiusmodi</span> <span class='ocrx_word' id='word_1_68' title='bbox 523 1643 636 1700; x_wconf 86' lang='lat' dir='ltr'>errata</span> <span class='ocrx_word' id='word_1_69' title='bbox 662 1627 857 1728; x_wconf 77' lang='lat' dir='ltr'>displodet‘</span> 
     </span>
    </p>
   </div>
   <div class='ocr_carea' id='block_1_3' title="bbox 54 1778 1041 2202">
    <p class='ocr_par' dir='ltr' id='par_1_3' title="bbox 54 1778 1041 2202">
     <span class='ocr_line' id='line_1_13' title="bbox 98 1778 1041 1886; baseline 0.008 -24"><span class='ocrx_word' id='word_1_70' title='bbox 98 1786 218 1869; x_wconf 71' lang='lat' dir='ltr'>auor.</span> <span class='ocrx_word' id='word_1_71' title='bbox 242 1799 265 1864; x_wconf 89' lang='grc' dir='ltr'>Ι.</span> <span class='ocrx_word' id='word_1_72' title='bbox 290 1796 404 1878; x_wconf 88' lang='lat' dir='ltr'>Datur,</span> <span class='ocrx_word' id='word_1_73' title='bbox 427 1807 459 1865; x_wconf 90' lang='lat' dir='ltr'>et</span> <span class='ocrx_word' id='word_1_74' title='bbox 482 1809 595 1866; x_wconf 83' lang='lat' dir='ltr'>eontra</span> <span class='ocrx_word' id='word_1_75' title='bbox 618 1778 825 1886; x_wconf 39' lang='lat' dir='ltr'>Nestorlanos&#39;</span> <span class='ocrx_word' id='word_1_76' title='bbox 844 1799 970 1868; x_wconf 68' lang='lat' dir='ltr'>adnuito</span> <span class='ocrx_word' id='word_1_77' title='bbox 986 1802 1041 1870; x_wconf 81' lang='lat' dir='ltr'>(le-</span> 
     </span>
     <span class='ocr_line' id='line_1_14' title="bbox 54 1889 1041 1980; baseline 0.001 -12"><span class='ocrx_word' id='word_1_78' title='bbox 54 1901 115 1980; x_wconf 83' lang='lat' dir='ltr'>bet</span> <span class='ocrx_word' id='word_1_79' title='bbox 135 1902 169 1966; x_wconf 86' lang='lat' dir='ltr'>ln</span> <span class='ocrx_word' id='word_1_80' title='bbox 194 1900 321 1966; x_wconf 85' lang='lat' dir='ltr'>Christo</span> <span class='ocrx_word' id='word_1_81' title='bbox 344 1918 417 1964; x_wconf 88' lang='lat' dir='ltr'>vera</span> <span class='ocrx_word' id='word_1_82' title='bbox 435 1889 688 1965; x_wconf 70' lang='lat' dir='ltr'>communicatio</span> <span class='ocrx_word' id='word_1_83' title='bbox 703 1892 892 1965; x_wconf 82' lang='lat' dir='ltr'>idiomatum</span> <span class='ocrx_word' id='word_1_84' title='bbox 907 1901 941 1966; x_wconf 89' lang='lat' dir='ltr'>iu</span> <span class='ocrx_word' id='word_1_85' title='bbox 967 1914 1041 1977; x_wconf 81' lang='lat' dir='ltr'>oon·</span> 
     </span>
     <span class='ocr_line' id='line_1_15' title="bbox 56 1995 1041 2097; baseline 0.003 -30"><span class='ocrx_word' id='word_1_86' title='bbox 56 2013 159 2097; x_wconf 77' lang='lat' dir='ltr'>creto,</span> <span class='ocrx_word' id='word_1_87' title='bbox 183 2004 266 2069; x_wconf 88' lang='lat' dir='ltr'>idest</span> <span class='ocrx_word' id='word_1_88' title='bbox 288 2002 413 2068; x_wconf 83' lang='lat' dir='ltr'>ratione</span> <span class='ocrx_word' id='word_1_89' title='bbox 434 1995 533 2068; x_wconf 73' lang='lat' dir='ltr'>&#39;unlus</span> <span class='ocrx_word' id='word_1_90' title='bbox 557 1998 765 2088; x_wconf 83' lang='lat' dir='ltr'>ejusdemque</span> <span class='ocrx_word' id='word_1_91' title='bbox 797 2001 1041 2089; x_wconf 79' lang='lat' dir='ltr'>personalitatis,</span> 
     </span>
     <span class='ocr_line' id='line_1_16' title="bbox 55 2103 979 2202; baseline -0.002 -28"><span class='ocrx_word' id='word_1_92' title='bbox 55 2109 92 2173; x_wconf 92' lang='lat' dir='ltr'>in</span> <span class='ocrx_word' id='word_1_93' title='bbox 116 2128 178 2196; x_wconf 83' lang='lat' dir='ltr'>qua</span> <span class='ocrx_word' id='word_1_94' title='bbox 192 2105 321 2195; x_wconf 70' lang='lat' dir='ltr'>&#39;duplex</span> <span class='ocrx_word' id='word_1_95' title='bbox 344 2116 459 2172; x_wconf 85' lang='lat' dir='ltr'>natura</span> <span class='ocrx_word' id='word_1_96' title='bbox 482 2103 638 2172; x_wconf 83' lang='lat' dir='ltr'>subsistit.</span> <span class='ocrx_word' id='word_1_97' title='bbox 662 2187 687 2198; x_wconf 23' lang='grc' dir='ltr'>,Ι</span> <span class='ocrx_word' id='word_1_98' title='bbox 742 2194 746 2202; x_wconf 8' lang='lat' dir='ltr'>p</span> <span class='ocrx_word' id='word_1_99' title='bbox 775 2109 777 2112; x_wconf 75' lang='grc'>’</span> <span class='ocrx_word' id='word_1_100' title='bbox 977 2124 979 2127; x_wconf 89' lang='grc'><em>·</em></span> 
     </span>
    </p>
   </div>
   <div class='ocr_carea' id='block_1_4' title="bbox 51 2282 1086 3933">
    <p class='ocr_par' dir='ltr' id='par_1_4' title="bbox 51 2282 1086 3933">
     <span class='ocr_line' id='line_1_17' title="bbox 107 2282 1040 2387; baseline -0.003 -22"><span class='ocrx_word' id='word_1_101' title='bbox 107 2291 214 2366; x_wconf 79' lang='lat' dir='ltr'>Prob.·</span> <span class='ocrx_word' id='word_1_102' title='bbox 239 2292 253 2363; x_wconf 85' lang='lat' dir='ltr'>l</span> <span class='ocrx_word' id='word_1_103' title='bbox 288 2282 446 2363; x_wconf 66' lang='lat' dir='ltr'>e&#39;Saeris</span> <span class='ocrx_word' id='word_1_104' title='bbox 471 2292 607 2363; x_wconf 89' lang='lat' dir='ltr'>Literis.</span> <span class='ocrx_word' id='word_1_105' title='bbox 624 2291 687 2364; x_wconf 87' lang='lat' dir='ltr'>Eae</span> <span class='ocrx_word' id='word_1_106' title='bbox 704 2290 817 2362; x_wconf 81' lang='lat' dir='ltr'>enim</span> <span class='ocrx_word' id='word_1_107' title='bbox 839 2288 1040 2387; x_wconf 80' lang='lat' dir='ltr'>frequentis·</span> 
     </span>
     <span class='ocr_line' id='line_1_18' title="bbox 57 2402 1044 2504; baseline -0.003 -27"><span class='ocrx_word' id='word_1_108' title='bbox 57 2405 144 2477; x_wconf 88' lang='lat' dir='ltr'>sime</span> <span class='ocrx_word' id='word_1_109' title='bbox 170 2406 311 2477; x_wconf 87' lang='lat' dir='ltr'>Christo</span> <span class='ocrx_word' id='word_1_110' title='bbox 336 2406 471 2480; x_wconf 91' lang='lat' dir='ltr'>homini</span> <span class='ocrx_word' id='word_1_111' title='bbox 488 2403 660 2493; x_wconf 83' lang='lat' dir='ltr'>tribuunt,</span> <span class='ocrx_word' id='word_1_112' title='bbox 678 2429 757 2500; x_wconf 84' lang='lat' dir='ltr'>quae</span> <span class='ocrx_word' id='word_1_113' title='bbox 774 2402 945 2477; x_wconf 83' lang='lat' dir='ltr'>divinitati</span> <span class='ocrx_word' id='word_1_114' title='bbox 961 2427 1044 2504; x_wconf 79' lang='lat' dir='ltr'>pto·</span> 
     </span>
     <span class='ocr_line' id='line_1_19' title="bbox 52 2513 1041 2621; baseline -0.002 -33"><span class='ocrx_word' id='word_1_115' title='bbox 52 2517 133 2621; x_wconf 81' lang='lat' dir='ltr'>prio</span> <span class='ocrx_word' id='word_1_116' title='bbox 160 2519 383 2608; x_wconf 84' lang='lat' dir='ltr'>conveniunt,</span> <span class='ocrx_word' id='word_1_117' title='bbox 400 2531 436 2586; x_wconf 84' lang='lat' dir='ltr'>et</span> <span class='ocrx_word' id='word_1_118' title='bbox 453 2515 593 2586; x_wconf 82' lang='lat' dir='ltr'>Christo</span> <span class='ocrx_word' id='word_1_119' title='bbox 619 2514 704 2604; x_wconf 81' lang='lat' dir='ltr'>Deo,</span> <span class='ocrx_word' id='word_1_120' title='bbox 722 2537 800 2610; x_wconf 89' lang='lat' dir='ltr'>quae</span> <span class='ocrx_word' id='word_1_121' title='bbox 819 2513 931 2584; x_wconf 89' lang='lat' dir='ltr'>solum</span> <span class='ocrx_word' id='word_1_122' title='bbox 957 2520 1041 2596; x_wconf 75' lang='lat' dir='ltr'>sunl</span> 
     </span>
     <span class='ocr_line' id='line_1_20' title="bbox 54 2623 1041 2724; baseline 0 -31"><span class='ocrx_word' id='word_1_123' title='bbox 54 2627 200 2724; x_wconf 84' lang='lat' dir='ltr'>propria</span> <span class='ocrx_word' id='word_1_124' title='bbox 224 2625 473 2695; x_wconf 86' lang='lat' dir='ltr'>humanitatis:</span> <span class='ocrx_word' id='word_1_125' title='bbox 491 2623 588 2719; x_wconf 87' lang='lat' dir='ltr'>atqui</span> <span class='ocrx_word' id='word_1_126' title='bbox 606 2623 643 2690; x_wconf 92' lang='lat' dir='ltr'>in</span> <span class='ocrx_word' id='word_1_127' title='bbox 661 2623 728 2692; x_wconf 89' lang='lat' dir='ltr'>hoc</span> <span class='ocrx_word' id='word_1_128' title='bbox 745 2623 857 2719; x_wconf 88' lang='lat' dir='ltr'>posita</span> <span class='ocrx_word' id='word_1_129' title='bbox 876 2635 929 2692; x_wconf 88' lang='lat' dir='ltr'>est</span> <span class='ocrx_word' id='word_1_130' title='bbox 946 2644 1041 2693; x_wconf 88' lang='lat' dir='ltr'>oom-</span> 
     </span>
     <span class='ocr_line' id='line_1_21' title="bbox 52 2731 1040 2829; baseline -0.006 -23"><span class='ocrx_word' id='word_1_131' title='bbox 52 2732 246 2806; x_wconf 81' lang='lat' dir='ltr'>municauo</span> <span class='ocrx_word' id='word_1_132' title='bbox 272 2732 480 2804; x_wconf 90' lang='lat' dir='ltr'>idiomatum</span> <span class='ocrx_word' id='word_1_133' title='bbox 503 2733 541 2802; x_wconf 92' lang='lat' dir='ltr'>in</span> <span class='ocrx_word' id='word_1_134' title='bbox 566 2744 732 2800; x_wconf 83' lang='lat' dir='ltr'>concreto</span> <span class='ocrx_word' id='word_1_135' title='bbox 750 2746 786 2800; x_wconf 92' lang='lat' dir='ltr'>et</span> <span class='ocrx_word' id='word_1_136' title='bbox 806 2731 938 2800; x_wconf 81' lang='lat' dir='ltr'>ratione</span> <span class='ocrx_word' id='word_1_137' title='bbox 962 2733 1040 2829; x_wconf 75' lang='lat' dir='ltr'>per·</span> 
     </span>
     <span class='ocr_line' id='line_1_22' title="bbox 55 2839 1040 2944; baseline -0.004 -26"><span class='ocrx_word' id='word_1_138' title='bbox 55 2870 175 2918; x_wconf 85' lang='lat' dir='ltr'>sonae:</span> <span class='ocrx_word' id='word_1_139' title='bbox 202 2871 285 2944; x_wconf 84' lang='lat' dir='ltr'>ergo</span> <span class='ocrx_word' id='word_1_140' title='bbox 312 2859 378 2916; x_wconf 80' lang='lat' dir='ltr'>etc.</span> <span class='ocrx_word' id='word_1_141' title='bbox 392 2895 400 2914; x_wconf 87' lang='lat'><strong>.</strong></span> <span class='ocrx_word' id='word_1_142' title='bbox 416 2844 533 2916; x_wconf 83' lang='lat' dir='ltr'>Prima</span> <span class='ocrx_word' id='word_1_143' title='bbox 550 2866 631 2941; x_wconf 84' lang='lat' dir='ltr'>pars</span> <span class='ocrx_word' id='word_1_144' title='bbox 656 2841 796 2938; x_wconf 82' lang='lat' dir='ltr'>majoris</span> <span class='ocrx_word' id='word_1_145' title='bbox 813 2839 971 2912; x_wconf 88' lang='lat' dir='ltr'>educitur</span> <span class='ocrx_word' id='word_1_146' title='bbox 995 2860 1040 2914; x_wconf 81' lang='lat' dir='ltr'>ex</span> 
     </span>
     <span class='ocr_line' id='line_1_23' title="bbox 54 2951 1040 3051; baseline -0.004 -25"><span class='ocrx_word' id='word_1_147' title='bbox 54 2955 110 3027; x_wconf 86' lang='lat' dir='ltr'>Jo.</span> <span class='ocrx_word' id='word_1_148' title='bbox 137 2981 167 3026; x_wconf 90' lang='lat' dir='ltr'>c.</span> <span class='ocrx_word' id='word_1_149' title='bbox 194 2953 318 3042; x_wconf 83' lang='grc'>3-13,</span> <span class='ocrx_word' id='word_1_150' title='bbox 341 2954 380 3024; x_wconf 92' lang='lat' dir='ltr'>in</span> <span class='ocrx_word' id='word_1_151' title='bbox 413 2978 483 3051; x_wconf 91' lang='lat' dir='ltr'>quo</span> <span class='ocrx_word' id='word_1_152' title='bbox 510 2951 667 3023; x_wconf 88' lang='lat' dir='ltr'>Christus</span> <span class='ocrx_word' id='word_1_153' title='bbox 692 2952 807 3046; x_wconf 87' lang='lat' dir='ltr'>inquit</span> <span class='ocrx_word' id='word_1_154' title='bbox 821 2975 842 3041; x_wconf 52' lang='lat'>,⁴</span> <span class='ocrx_word' id='word_1_155' title='bbox 865 2974 969 3022; x_wconf 87' lang='lat' dir='ltr'>nemo</span> <span class='ocrx_word' id='word_1_156' title='bbox 989 2975 1040 3022; x_wconf 74' lang='lat' dir='ltr'>a·</span> 
     </span>
     <span class='ocr_line' id='line_1_24' title="bbox 54 3056 1041 3157; baseline -0.005 -22"><span class='ocrx_word' id='word_1_157' title='bbox 54 3063 192 3136; x_wconf 79' lang='lat' dir='ltr'>scandit</span> <span class='ocrx_word' id='word_1_158' title='bbox 216 3066 254 3136; x_wconf 87' lang='lat' dir='ltr'>in</span> <span class='ocrx_word' id='word_1_159' title='bbox 282 3062 442 3150; x_wconf 83' lang='lat' dir='ltr'>Coelum,</span> <span class='ocrx_word' id='word_1_160' title='bbox 468 3056 537 3133; x_wconf 82' lang='lat' dir='ltr'>nisi</span> <span class='ocrx_word' id='word_1_161' title='bbox 561 3061 623 3157; x_wconf 82' lang='lat' dir='ltr'>qui</span> <span class='ocrx_word' id='word_1_162' title='bbox 647 3057 824 3132; x_wconf 83' lang='lat' dir='ltr'>deseendit</span> <span class='ocrx_word' id='word_1_163' title='bbox 848 3058 890 3130; x_wconf 88' lang='lat' dir='ltr'>de</span> <span class='ocrx_word' id='word_1_164' title='bbox 918 3056 1041 3146; x_wconf 82' lang='lat' dir='ltr'>Coelo,</span> 
     </span>
     <span class='ocr_line' id='line_1_25' title="bbox 51 3169 1050 3272; baseline -0.003 -26"><span class='ocrx_word' id='word_1_165' title='bbox 51 3175 151 3261; x_wconf 68' lang='lat' dir='ltr'>filius</span> <span class='ocrx_word' id='word_1_166' title='bbox 177 3174 347 3263; x_wconf 75' lang='lat' dir='ltr'>hominis,</span> <span class='ocrx_word' id='word_1_167' title='bbox 372 3177 435 3272; x_wconf 83' lang='lat' dir='ltr'>qui</span> <span class='ocrx_word' id='word_1_168' title='bbox 459 3188 510 3246; x_wconf 81' lang='lat' dir='ltr'>est</span> <span class='ocrx_word' id='word_1_169' title='bbox 535 3175 573 3243; x_wconf 88' lang='lat' dir='ltr'>in</span> <span class='ocrx_word' id='word_1_170' title='bbox 601 3169 727 3259; x_wconf 82' lang='lat' dir='ltr'>Coelo;</span> <span class='ocrx_word' id='word_1_171' title='bbox 753 3170 914 3242; x_wconf 88' lang='lat' dir='ltr'>similiter</span> <span class='ocrx_word' id='word_1_172' title='bbox 939 3195 1050 3243; x_wconf 35' lang='lat' dir='ltr'>exve.-</span> 
     </span>
     <span class='ocr_line' id='line_1_26' title="bbox 59 3279 1051 3387; baseline -0.008 -25"><span class='ocrx_word' id='word_1_173' title='bbox 59 3288 172 3382; x_wconf 84' lang='lat'>8-58,</span> <span class='ocrx_word' id='word_1_174' title='bbox 193 3290 235 3359; x_wconf 87' lang='lat' dir='ltr'>in</span> <span class='ocrx_word' id='word_1_175' title='bbox 261 3314 331 3386; x_wconf 90' lang='lat' dir='ltr'>quo</span> <span class='ocrx_word' id='word_1_176' title='bbox 356 3288 432 3387; x_wconf 92' lang='lat' dir='ltr'>ipse</span> <span class='ocrx_word' id='word_1_177' title='bbox 459 3285 616 3358; x_wconf 88' lang='lat' dir='ltr'>Christus</span> <span class='ocrx_word' id='word_1_178' title='bbox 633 3285 691 3376; x_wconf 90' lang='lat' dir='ltr'>ait,</span> <span class='ocrx_word' id='word_1_179' title='bbox 706 3297 899 3381; x_wconf 82' lang='lat' dir='ltr'>antequam</span> <span class='ocrx_word' id='word_1_180' title='bbox 924 3279 1051 3355; x_wconf 50' lang='lat' dir='ltr'>Abra-1</span> 
     </span>
     <span class='ocr_line' id='line_1_27' title="bbox 55 3391 1084 3493; baseline -0.011 -26"><span class='ocrx_word' id='word_1_181' title='bbox 55 3394 145 3468; x_wconf 77' lang='lat' dir='ltr'>hum</span> <span class='ocrx_word' id='word_1_182' title='bbox 158 3396 280 3492; x_wconf 78' lang='lat' dir='ltr'>steret,</span> <span class='ocrx_word' id='word_1_183' title='bbox 296 3423 359 3493; x_wconf 86' lang='lat' dir='ltr'>ego</span> <span class='ocrx_word' id='word_1_184' title='bbox 378 3421 483 3469; x_wconf 81' lang='lat' dir='ltr'>sum:</span> <span class='ocrx_word' id='word_1_185' title='bbox 509 3395 562 3466; x_wconf 91' lang='lat' dir='ltr'>his</span> <span class='ocrx_word' id='word_1_186' title='bbox 580 3392 711 3465; x_wconf 86' lang='lat' dir='ltr'>scilicet</span> <span class='ocrx_word' id='word_1_187' title='bbox 726 3395 764 3463; x_wconf 91' lang='lat' dir='ltr'>in</span> <span class='ocrx_word' id='word_1_188' title='bbox 780 3391 879 3484; x_wconf 87' lang='lat' dir='ltr'>locis,</span> <span class='ocrx_word' id='word_1_189' title='bbox 897 3416 937 3463; x_wconf 89' lang='lat' dir='ltr'>ea</span> <span class='ocrx_word' id='word_1_190' title='bbox 959 3415 1039 3489; x_wconf 83' lang='lat' dir='ltr'>quae</span> <span class='ocrx_word' id='word_1_191' title='bbox 1080 3448 1084 3455; x_wconf 74' lang='grc'><strong><em>,</em></strong></span> 
     </span>
     <span class='ocr_line' id='line_1_28' title="bbox 56 3501 1040 3596; baseline -0.007 -17"><span class='ocrx_word' id='word_1_192' title='bbox 56 3505 123 3579; x_wconf 82' lang='lat' dir='ltr'>s&#39;oli</span> <span class='ocrx_word' id='word_1_193' title='bbox 149 3504 322 3581; x_wconf 86' lang='lat' dir='ltr'>divinitati</span> <span class='ocrx_word' id='word_1_194' title='bbox 348 3506 583 3596; x_wconf 84' lang='lat' dir='ltr'>conveniunt,</span> <span class='ocrx_word' id='word_1_195' title='bbox 610 3505 749 3576; x_wconf 87' lang='lat' dir='ltr'>Christo</span> <span class='ocrx_word' id='word_1_196' title='bbox 775 3503 911 3576; x_wconf 90' lang='lat' dir='ltr'>homini</span> <span class='ocrx_word' id='word_1_197' title='bbox 944 3501 1040 3574; x_wconf 87' lang='lat' dir='ltr'>attri-</span> 
     </span>
     <span class='ocr_line' id='line_1_29' title="bbox 54 3608 1086 3710; baseline -0.008 -23"><span class='ocrx_word' id='word_1_198' title='bbox 54 3614 238 3710; x_wconf 85' lang='lat' dir='ltr'>buuntur,</span> <span class='ocrx_word' id='word_1_199' title='bbox 263 3619 355 3690; x_wconf 88' lang='lat' dir='ltr'>idest</span> <span class='ocrx_word' id='word_1_200' title='bbox 380 3614 423 3689; x_wconf 80' lang='lat' dir='ltr'>tle</span> <span class='ocrx_word' id='word_1_201' title='bbox 450 3613 550 3687; x_wconf 89' lang='lat' dir='ltr'>Coelo</span> <span class='ocrx_word' id='word_1_202' title='bbox 575 3613 770 3686; x_wconf 79' lang='lat' dir='ltr'>descensus·</span> <span class='ocrx_word' id='word_1_203' title='bbox 788 3628 847 3703; x_wconf 85' lang='lat' dir='ltr'>et,</span> <span class='ocrx_word' id='word_1_204' title='bbox 873 3610 959 3683; x_wconf 92' lang='lat' dir='ltr'>dum</span> <span class='ocrx_word' id='word_1_205' title='bbox 984 3608 1040 3680; x_wconf 82' lang='lat' dir='ltr'>ad·</span> <span class='ocrx_word' id='word_1_206' title='bbox 1066 3613 1086 3647; x_wconf 16' lang='grc' dir='ltr'>’Ν</span> 
     </span>
     <span class='ocr_line' id='line_1_30' title="bbox 54 3718 1039 3816; baseline -0.008 -18"><span class='ocrx_word' id='word_1_207' title='bbox 54 3729 129 3798; x_wconf 88' lang='lat' dir='ltr'>hue</span> <span class='ocrx_word' id='word_1_208' title='bbox 154 3730 314 3801; x_wconf 90' lang='lat' dir='ltr'>Christus</span> <span class='ocrx_word' id='word_1_209' title='bbox 340 3743 429 3800; x_wconf 89' lang='lat' dir='ltr'>esset</span> <span class='ocrx_word' id='word_1_210' title='bbox 454 3727 491 3798; x_wconf 91' lang='lat' dir='ltr'>in</span> <span class='ocrx_word' id='word_1_211' title='bbox 516 3741 618 3816; x_wconf 84' lang='lat' dir='ltr'>terra,</span> <span class='ocrx_word' id='word_1_212' title='bbox 643 3726 831 3796; x_wconf 81' lang='lat' dir='ltr'>existentia</span> <span class='ocrx_word' id='word_1_213' title='bbox 854 3724 894 3797; x_wconf 87' lang='lat' dir='ltr'>in</span> <span class='ocrx_word' id='word_1_214' title='bbox 915 3718 1039 3810; x_wconf 83' lang='lat' dir='ltr'>Caelis,</span> 
     </span>
     <span class='ocr_line' id='line_1_31' title="bbox 55 3828 1040 3933; baseline -0.012 -24"><span class='ocrx_word' id='word_1_215' title='bbox 55 3859 197 3910; x_wconf 88' lang='lat' dir='ltr'>necnon</span> <span class='ocrx_word' id='word_1_216' title='bbox 220 3839 308 3911; x_wconf 83' lang='lat' dir='ltr'>item</span> <span class='ocrx_word' id='word_1_217' title='bbox 333 3839 519 3926; x_wconf 71' lang='lat' dir='ltr'>(eternum,</span> <span class='ocrx_word' id='word_1_218' title='bbox 544 3859 611 3933; x_wconf 90' lang='lat' dir='ltr'>qua</span> <span class='ocrx_word' id='word_1_219' title='bbox 629 3828 968 3928; x_wconf 84' lang='lat' dir='ltr'>anteAbrahamum</span> <span class='ocrx_word' id='word_1_220' title='bbox 984 3839 1040 3898; x_wconf 76' lang='lat' dir='ltr'>ex·</span> 
     </span>
    </p>
   </div>
   <div class='ocr_carea' id='block_1_5' title="bbox 0 0 1358 4800">
    <p class='ocr_par' dir='ltr' id='par_1_5' title="bbox 0 0 1358 4800">
     <span class='ocr_line' id='line_1_32' title="bbox 0 0 1358 4800; baseline 0 0"><span class='ocrx_word' id='word_1_221' title='bbox 0 0 1358 4800; x_wconf 95' lang='lat' dir='ltr'> </span> 
     </span>
    </p>
   </div>
  </div>
 </body>
</html>
