2942 4962
217 611 219 617 ι
299 560 342 632 nu
357 583 659 633 connumeremur
686 580 870 632 momrun
966 608 968 618 ι
1001 552 1072 654 165

97 699 136 748 su
162 673 317 747 Fullonis
342 674 432 745 hanc
457 673 667 744 sententiam
683 672 811 770 rejecit
829 697 901 743 uon
917 671 953 743 in
972 669 1079 744 obuia¹

99 777 360 883 significatione,
386 781 423 852 in
449 806 516 879 qua
542 779 710 853 catholice
737 778 856 869 audit,
882 779 978 856 etin
1005 803 1073 874 que

96 893 191 968 illam
216 893 356 983 merito,
372 892 507 991 primus
532 891 762 988 quaestionem
780 886 958 978 deliniens,
975 887 1074 958 Joan·

98 1030 160 1076 nes
184 1005 230 1095 ΙΙ,
255 1004 397 1103 ejusque
423 1026 601 1074 successor
626 999 805 1099 Agapetus
832 997 955 1096 aliique
982 1020 1072 1067 com·

99 1111 344 1210 probaverunt.

509 1353 611 1401 CAPUT
638 1355 661 1400 11

314 1539 378 1615 OEe
394 1574 464 1612 cccc
481 1533 611 1613 &beistis
628 1531 856 1645 satisfactione.

143 1773 292 1845 Faustus
318 1771 462 1842 Socinus
487 1773 645 1870 patritius
663 1772 823 1843 Senensis
838 1800 864 1843 ,e
890 1777 1070 1850 notissima
1175 1801 1176 1804 ’

90 1879 353 1957 Jurisconsultis
361 1879 500 1972 familia,
509 1897 571 1952 eta
582 1883 627 1954 23
639 1880 681 1953 ed
693 1881 739 1952 35
749 1883 887 1954 circiter
899 1887 1011 1958 aetatis
1020 1914 1076 1962 nu-¹

91 2017 181 2064 num
194 1989 323 2063 aulicus
334 1991 450 2088 Magni
463 1990 569 2063 Ducis
578 1992 749 2082 Thusciae‚
759 1991 887 2090 impius
900 1993 979 2064 dein
989 2024 1074 2096 prae.

94 2127 215 2175 cursor
231 2100 448 2190 Antichristi,
466 2126 548 2172 cum
565 2101 685 2174 suisset
698 2119 948 2175 venenatorum
962 2107 1073 2182 haeres

92 2212 199 2284 simul
224 2227 260 2284 et
284 2211 401 2283 helluo
419 2211 589 2284 librorum
606 2213 702 2286 Laelii
722 2215 838 2284 Socini
856 2216 929 2313 ejus
946 2222 1071 2315 patrui‚‘
1165 2215 1170 2226 ¹
1276 2245 1281 2256 ·

91 2322 175 2395 inde
192 2348 297 2396 omne
322 2323 417 2394 virus
443 2323 561 2417 ebibit,
586 2323 681 2420 quod
698 2339 913 2398 vetustarum
931 2329 1072 2404 haerese·

94 2457 142 2503 on
168 2429 312 2504 soecibus
336 2429 563 2524 immixtum,
589 2433 718 2506 saeculo
744 2434 835 2518 [XVI
860 2437 897 2506 in
927 2429 1073 2512 ¹Polonin

93 2540 301 2640 praesertim,
327 2556 367 2611 ut
393 2557 467 2613 erat
493 2542 627 2614 subtilis
654 2545 825 2642 Sophiste,
851 2560 966 2616 totum
992 2575 1071 2648 pro-

95 2649 229 2748 pinavit
253 2649 408 2720 incautis.
426 2651 472 2720 Hi
490 2667 570 2721 sunt
596 2653 771 2723 Sociniani
789 2653 940 2749 pestium
959 2659 1070 2727 onmi-

92 2785 157 2830 um
182 2760 424 2832 haereticarum
449 2762 723 2860 pestilentissimi
740 2763 917 2854 Haeretici,
935 2766 994 2862 qui
1011 2793 1072 2844 no·
1142 2863 1143 2866 Ἴ

90 2859 177 2942 men
196 2870 366 2960 fratrum
395 2873 616 2946 Poloncrum
642 2872 706 2944 sibi
731 2875 768 2944 in
794 2872 922 2946 celebri
948 2876 1071 2952 Ribbe-

92 2981 194 3052 theca
219 2979 442 3052 vindicarunt
466 2980 783 3079 obtinueruntque3
809 2997 845 3053 et
869 2984 960 3055 inter
986 3012 1072 3086 quos

92 3085 297 3160 Valentinus
315 3088 488 3181 Smaltius,
501 3091 676 3182 lohannes
690 3089 836 3162 Crellius
854 3106 890 3164 et
907 3093 981 3165 aliae
994 3119 1071 3195 per·

91 3197 267 3270 immanes
288 3197 412 3270 belluae
440 3216 758 3272 connumerantur:
786 3227 871 3300 quus
896 3229 977 3278 vero
1006 3206 1072 3278 lle·

92 3305 256 3380 terodoxi
282 3333 433 3406 quoque,
459 3311 640 3404 Zanchius,
665 3309 819 3383 Placaeus
844 3311 968 3410 aliique
991 3339 1071 3415 pro·

93 3417 284 3491 culcarent.

142 3528 360 3626 Nequissime
399 3530 663 3630 dogmatizant,
702 3535 882 3606 Christum
920 3537 1069 3630 lesum,

94 3665 200 3738 quem
217 3668 347 3740 purum
364 3652 559 3741 putumque
577 3647 757 3718 hominem
776 3663 972 3736 autumant,
998 3673 1070 3731 non

95 3776 170 3828 esse
193 3777 378 3850 personam
398 3769 508 3826 tantae
522 3752 709 3850 dignitatis,
726 3771 765 3826 ut
782 3771 899 3853 posset
915 3756 989 3828 Deo
1005 3780 1069 3855 pro

82 3859 214 3935 alienis
240 3865 392 3964 peccatis
418 3863 580 3936 exhibere
611 3864 901 3956 satisfactionem
928 3883 1069 3938 etcum

96 3966 139 4041 de
166 3967 258 4048 sacto
285 3997 349 4072 pro
376 3972 476 4045 nobis
501 3998 581 4047 vere
607 4000 647 4046 ac
672 3973 814 4072 proprie
844 3965 1069 4046 nonsatiss·
