<?xml version="1.0" encoding="UTF-8"?>
<!DOCTYPE html PUBLIC "-//W3C//DTD XHTML 1.0 Transitional//EN"
    "http://www.w3.org/TR/xhtml1/DTD/xhtml1-transitional.dtd">
<html xmlns="http://www.w3.org/1999/xhtml" xml:lang="en" lang="en">
 <head>
  <title>
</title>
<meta http-equiv="Content-Type" content="text/html;charset=utf-8" />
  <meta name='ocr-system' content='tesseract 3.04.00' />
  <meta name='ocr-capabilities' content='ocr_page ocr_carea ocr_par ocr_line ocrx_word'/>
</head>
<body>
  <div class='ocr_page' id='page_1' title='image "./sacrtheologiins00gutigoog_0111.png"; bbox 0 0 2908 4962; ppageno 0'>
   <div class='ocr_carea' id='block_1_1' title="bbox 392 505 1381 702">
    <p class='ocr_par' dir='ltr' id='par_1_1' title="bbox 392 505 1381 702">
     <span class='ocr_line' id='line_1_1' title="bbox 392 505 1110 579; baseline -0.008 -1"><span class='ocrx_word' id='word_1_1' title='bbox 392 505 465 578; x_wconf 76' lang='lat' dir='ltr'><strong>tta</strong></span> <span class='ocrx_word' id='word_1_2' title='bbox 644 527 706 576; x_wconf 82' lang='lat' dir='ltr'><strong>nu.</strong></span> <span class='ocrx_word' id='word_1_3' title='bbox 730 528 766 579; x_wconf 84' lang='lat' dir='ltr'><strong>iv</strong></span> <span class='ocrx_word' id='word_1_4' title='bbox 792 525 959 578; x_wconf 75' lang='lat' dir='ltr'><strong>senatoris</strong></span> <span class='ocrx_word' id='word_1_5' title='bbox 982 525 1007 576; x_wconf 89' lang='grc' dir='ltr'><strong>ιι</strong></span> <span class='ocrx_word' id='word_1_6' title='bbox 1033 523 1062 577; x_wconf 82' lang='grc' dir='ltr'><strong>ιι.</strong></span> <span class='ocrx_word' id='word_1_7' title='bbox 1087 523 1110 574; x_wconf 88' lang='grc' dir='ltr'><strong>ιι</strong></span> 
     </span>
     <span class='ocr_line' id='line_1_2' title="bbox 439 601 1381 702; baseline -0.005 -19"><span class='ocrx_word' id='word_1_8' title='bbox 439 611 599 702; x_wconf 75' lang='lat' dir='ltr'><strong>Quaestio</strong></span> <span class='ocrx_word' id='word_1_9' title='bbox 624 625 744 684; x_wconf 88' lang='lat' dir='ltr'><strong>tamen</strong></span> <span class='ocrx_word' id='word_1_10' title='bbox 774 612 865 683; x_wconf 89' lang='lat' dir='ltr'><strong>inter</strong></span> <span class='ocrx_word' id='word_1_11' title='bbox 889 613 1137 684; x_wconf 81' lang='lat' dir='ltr'><strong>Dominieanos</strong></span> <span class='ocrx_word' id='word_1_12' title='bbox 1162 619 1198 681; x_wconf 86' lang='lat' dir='ltr'><strong>et</strong></span> <span class='ocrx_word' id='word_1_13' title='bbox 1227 601 1381 680; x_wconf 77' lang='lat' dir='ltr'><strong>Fratres</strong></span> 
     </span>
    </p>
   </div>
   <div class='ocr_carea' id='block_1_2' title="bbox 342 715 1390 2360">
    <p class='ocr_par' dir='ltr' id='par_1_2' title="bbox 342 715 1390 2360">
     <span class='ocr_line' id='line_1_3' title="bbox 389 715 1390 822; baseline -0.002 -28"><span class='ocrx_word' id='word_1_14' title='bbox 389 721 543 794; x_wconf 86' lang='lat' dir='ltr'>Minores</span> <span class='ocrx_word' id='word_1_15' title='bbox 574 721 696 794; x_wconf 84' lang='lat' dir='ltr'><strong>exorta</strong></span> <span class='ocrx_word' id='word_1_16' title='bbox 728 721 798 795; x_wconf 84' lang='lat' dir='ltr'><strong>fuit·</strong></span> <span class='ocrx_word' id='word_1_17' title='bbox 826 723 862 791; x_wconf 89' lang='lat' dir='ltr'><strong>in</strong></span> <span class='ocrx_word' id='word_1_18' title='bbox 897 721 1060 822; x_wconf 78' lang='lat' dir='ltr'>Hispania</span> <span class='ocrx_word' id='word_1_19' title='bbox 1094 715 1212 790; x_wconf 89' lang='lat' dir='ltr'><strong>medio</strong></span> <span class='ocrx_word' id='word_1_20' title='bbox 1238 716 1390 792; x_wconf 83' lang='lat' dir='ltr'><strong>saeculo</strong></span> 
     </span>
     <span class='ocr_line' id='line_1_4' title="bbox 385 829 1379 953; baseline -0.01 -47"><span class='ocrx_word' id='word_1_21' title='bbox 385 831 482 924; x_wconf 78' lang='lat' dir='ltr'>XIV,</span> <span class='ocrx_word' id='word_1_22' title='bbox 508 858 553 904; x_wconf 85' lang='lat' dir='ltr'><strong>an</strong></span> <span class='ocrx_word' id='word_1_23' title='bbox 578 834 725 931; x_wconf 71' lang='lat' dir='ltr'><strong>sanguia</strong></span> <span class='ocrx_word' id='word_1_24' title='bbox 742 834 779 904; x_wconf 90' lang='lat' dir='ltr'><strong>in</strong></span> <span class='ocrx_word' id='word_1_25' title='bbox 803 833 965 906; x_wconf 87' lang='lat' dir='ltr'><strong>Passione</strong></span> <span class='ocrx_word' id='word_1_26' title='bbox 999 832 1126 916; x_wconf 81' lang='lat' dir='ltr'><strong>effusus</strong></span> <span class='ocrx_word' id='word_1_27' title='bbox 1159 829 1379 953; x_wconf 77' lang='lat' dir='ltr'><strong>remanserit</strong></span> 
     </span>
     <span class='ocr_line' id='line_1_5' title="bbox 387 942 1379 1044; baseline -0.005 -30"><span class='ocrx_word' id='word_1_28' title='bbox 387 942 506 1015; x_wconf 90' lang='lat' dir='ltr'><strong>Verbo</strong></span> <span class='ocrx_word' id='word_1_29' title='bbox 531 946 650 1016; x_wconf 91' lang='lat' dir='ltr'><strong>unitus</strong></span> <span class='ocrx_word' id='word_1_30' title='bbox 674 958 751 1017; x_wconf 85' lang='lat' dir='ltr'><strong>toto</strong></span> <span class='ocrx_word' id='word_1_31' title='bbox 776 943 892 1044; x_wconf 83' lang='lat' dir='ltr'><strong>triduo</strong></span> <span class='ocrx_word' id='word_1_32' title='bbox 917 945 1051 1017; x_wconf 81' lang='lat' dir='ltr'><strong>mortis.</strong></span> <span class='ocrx_word' id='word_1_33' title='bbox 1070 944 1123 1015; x_wconf 87' lang='lat' dir='ltr'><strong>Ac</strong></span> <span class='ocrx_word' id='word_1_34' title='bbox 1140 965 1259 1042; x_wconf 85' lang='lat' dir='ltr'><strong>pugna</strong></span> <span class='ocrx_word' id='word_1_35' title='bbox 1278 955 1379 1010; x_wconf 84' lang='lat' dir='ltr'><strong>mter</strong></span> 
     </span>
     <span class='ocr_line' id='line_1_6' title="bbox 386 1048 1378 1152; baseline -0.005 -30"><span class='ocrx_word' id='word_1_36' title='bbox 386 1048 531 1122; x_wconf 87' lang='lat' dir='ltr'><strong>eosdem</strong></span> <span class='ocrx_word' id='word_1_37' title='bbox 556 1052 734 1123; x_wconf 83' lang='lat' dir='ltr'><strong>recruduit</strong></span> <span class='ocrx_word' id='word_1_38' title='bbox 758 1069 840 1152; x_wconf 78' lang='lat' dir='ltr'><strong>post</strong></span> <span class='ocrx_word' id='word_1_39' title='bbox 866 1069 1008 1125; x_wconf 90' lang='lat' dir='ltr'><strong>centum</strong></span> <span class='ocrx_word' id='word_1_40' title='bbox 1030 1053 1103 1126; x_wconf 88' lang='lat' dir='ltr'><strong>sere</strong></span> <span class='ocrx_word' id='word_1_41' title='bbox 1120 1075 1231 1122; x_wconf 88' lang='lat' dir='ltr'><strong>anuos</strong></span> <span class='ocrx_word' id='word_1_42' title='bbox 1248 1064 1378 1120; x_wconf 86' lang='lat' dir='ltr'><strong>coram</strong></span> 
     </span>
     <span class='ocr_line' id='line_1_7' title="bbox 386 1157 1379 1281; baseline 0.001 -52"><span class='ocrx_word' id='word_1_43' title='bbox 386 1159 475 1257; x_wconf 85' lang='lat' dir='ltr'><strong>ipso,</strong></span> <span class='ocrx_word' id='word_1_44' title='bbox 487 1185 551 1257; x_wconf 88' lang='lat' dir='ltr'><strong>per</strong></span> <span class='ocrx_word' id='word_1_45' title='bbox 564 1157 729 1252; x_wconf 89' lang='lat' dir='ltr'><strong>triduum,</strong></span> <span class='ocrx_word' id='word_1_46' title='bbox 742 1159 969 1264; x_wconf 86' lang='lat' dir='ltr'><strong>Summarum</strong></span> <span class='ocrx_word' id='word_1_47' title='bbox 982 1164 1141 1240; x_wconf 88' lang='lat' dir='ltr'><strong>omnium</strong></span> <span class='ocrx_word' id='word_1_48' title='bbox 1157 1159 1379 1281; x_wconf 71' lang='lat' dir='ltr'><strong>Pontitieum</strong></span> 
     </span>
     <span class='ocr_line' id='line_1_8' title="bbox 342 1267 1379 1370; baseline -0.003 -30"><span class='ocrx_word' id='word_1_49' title='bbox 342 1333 345 1340; x_wconf 88' lang='lat'><em>.</em></span> <span class='ocrx_word' id='word_1_50' title='bbox 386 1267 644 1360; x_wconf 87' lang='lat' dir='ltr'><strong>literatissimo,</strong></span> <span class='ocrx_word' id='word_1_51' title='bbox 669 1272 732 1346; x_wconf 89' lang='lat' dir='ltr'><strong>Pio</strong></span> <span class='ocrx_word' id='word_1_52' title='bbox 749 1273 805 1363; x_wconf 71' lang='lat' dir='ltr'><strong>H&#39;3</strong></span> <span class='ocrx_word' id='word_1_53' title='bbox 832 1297 914 1344; x_wconf 89' lang='lat' dir='ltr'><strong>cum</strong></span> <span class='ocrx_word' id='word_1_54' title='bbox 936 1274 1134 1370; x_wconf 80' lang='lat' dir='ltr'><strong>negativam</strong></span> <span class='ocrx_word' id='word_1_55' title='bbox 1159 1285 1379 1344; x_wconf 81' lang='lat' dir='ltr'><strong>sentennam</strong></span> 
     </span>
     <span class='ocr_line' id='line_1_9' title="bbox 385 1375 1381 1476; baseline 0.003 -31"><span class='ocrx_word' id='word_1_56' title='bbox 385 1375 524 1476; x_wconf 89' lang='lat' dir='ltr'><strong>publice</strong></span> <span class='ocrx_word' id='word_1_57' title='bbox 550 1377 772 1476; x_wconf 64' lang='lat' dir='ltr'><strong>predicasset</strong></span> <span class='ocrx_word' id='word_1_58' title='bbox 796 1383 836 1452; x_wconf 81' lang='lat' dir='ltr'><strong>B.</strong></span> <span class='ocrx_word' id='word_1_59' title='bbox 861 1382 1012 1454; x_wconf 88' lang='lat' dir='ltr'><strong>Jacobus</strong></span> <span class='ocrx_word' id='word_1_60' title='bbox 1038 1410 1057 1454; x_wconf 87' lang='lat' dir='ltr'><strong>a</strong></span> <span class='ocrx_word' id='word_1_61' title='bbox 1083 1378 1381 1468; x_wconf 68' lang='lat' dir='ltr'><strong>Marcilia·Mino·</strong></span> 
     </span>
     <span class='ocr_line' id='line_1_10' title="bbox 387 1485 1380 1590; baseline 0.002 -36"><span class='ocrx_word' id='word_1_62' title='bbox 387 1509 468 1554; x_wconf 89' lang='lat' dir='ltr'><strong>rum</strong></span> <span class='ocrx_word' id='word_1_63' title='bbox 485 1485 654 1572; x_wconf 80' lang='lat' dir='ltr'><strong>Familiae,</strong></span> <span class='ocrx_word' id='word_1_64' title='bbox 673 1486 875 1560; x_wconf 79' lang='lat' dir='ltr'>damnatam</span> <span class='ocrx_word' id='word_1_65' title='bbox 892 1516 976 1564; x_wconf 83' lang='lat' dir='ltr'><strong>vero</strong></span> <span class='ocrx_word' id='word_1_66' title='bbox 988 1493 1089 1590; x_wconf 84' lang='lat' dir='ltr'><strong>juxta</strong></span> <span class='ocrx_word' id='word_1_67' title='bbox 1108 1485 1380 1574; x_wconf 89' lang='lat' dir='ltr'><strong>Morlandinum</strong></span> 
     </span>
     <span class='ocr_line' id='line_1_11' title="bbox 386 1594 1380 1694; baseline 0 -29"><span class='ocrx_word' id='word_1_68' title='bbox 386 1620 407 1665; x_wconf 91' lang='lat' dir='ltr'><strong>a</strong></span> <span class='ocrx_word' id='word_1_69' title='bbox 429 1594 614 1668; x_wconf 81' lang='lat' dir='ltr'><strong>Clemente</strong></span> <span class='ocrx_word' id='word_1_70' title='bbox 640 1599 688 1668; x_wconf 89' lang='lat' dir='ltr'><strong>VI</strong></span> <span class='ocrx_word' id='word_1_71' title='bbox 715 1615 755 1670; x_wconf 88' lang='lat' dir='ltr'><strong>ut</strong></span> <span class='ocrx_word' id='word_1_72' title='bbox 779 1602 992 1694; x_wconf 68' lang='lat' dir='ltr'><strong>haereticam,</strong></span> <span class='ocrx_word' id='word_1_73' title='bbox 1018 1599 1169 1674; x_wconf 91' lang='lat' dir='ltr'><strong>Jacohus</strong></span> <span class='ocrx_word' id='word_1_74' title='bbox 1186 1597 1380 1682; x_wconf 67' lang='lat' dir='ltr'><strong>Brixianus</strong></span> 
     </span>
     <span class='ocr_line' id='line_1_12' title="bbox 387 1703 1379 1810; baseline 0.001 -36"><span class='ocrx_word' id='word_1_75' title='bbox 387 1703 542 1775; x_wconf 85' lang='lat' dir='ltr'><strong>Familiae</strong></span> <span class='ocrx_word' id='word_1_76' title='bbox 568 1706 841 1780; x_wconf 87' lang='lat' dir='ltr'><strong>Praedicatorum</strong></span> <span class='ocrx_word' id='word_1_77' title='bbox 857 1715 1032 1784; x_wconf 83' lang='lat' dir='ltr'><strong>immerito</strong></span> <span class='ocrx_word' id='word_1_78' title='bbox 1050 1708 1300 1810; x_wconf 61' lang='lat' dir='ltr'><strong>contendisset.</strong></span> <span class='ocrx_word' id='word_1_79' title='bbox 1319 1704 1379 1778; x_wconf 87' lang='lat' dir='ltr'><strong>Nil</strong></span> 
     </span>
     <span class='ocr_line' id='line_1_13' title="bbox 387 1811 1380 1922; baseline 0.004 -38"><span class='ocrx_word' id='word_1_80' title='bbox 387 1831 504 1886; x_wconf 86' lang='lat' dir='ltr'><strong>autem</strong></span> <span class='ocrx_word' id='word_1_81' title='bbox 528 1818 611 1888; x_wconf 89' lang='lat' dir='ltr'><strong>Pius</strong></span> <span class='ocrx_word' id='word_1_82' title='bbox 628 1811 796 1909; x_wconf 85' lang='lat' dir='ltr'><strong>definivit,</strong></span> <span class='ocrx_word' id='word_1_83' title='bbox 814 1823 992 1920; x_wconf 89' lang='lat' dir='ltr'><strong>vetuitque</strong></span> <span class='ocrx_word' id='word_1_84' title='bbox 1018 1822 1082 1893; x_wconf 90' lang='lat' dir='ltr'><strong>sub</strong></span> <span class='ocrx_word' id='word_1_85' title='bbox 1108 1846 1215 1922; x_wconf 86' lang='lat' dir='ltr'><strong>poeua</strong></span> <span class='ocrx_word' id='word_1_86' title='bbox 1233 1843 1380 1896; x_wconf 82' lang='lat' dir='ltr'><strong>excom·</strong></span> 
     </span>
     <span class='ocr_line' id='line_1_14' title="bbox 387 1927 1379 2030; baseline 0 -34"><span class='ocrx_word' id='word_1_87' title='bbox 387 1927 644 2018; x_wconf 79' lang='lat' dir='ltr'><strong>manicatiouis,</strong></span> <span class='ocrx_word' id='word_1_88' title='bbox 670 1956 714 1999; x_wconf 88' lang='lat' dir='ltr'><strong>ne</strong></span> <span class='ocrx_word' id='word_1_89' title='bbox 741 1931 914 2002; x_wconf 87' lang='lat' dir='ltr'><strong>Minoritae</strong></span> <span class='ocrx_word' id='word_1_90' title='bbox 939 1957 1006 2030; x_wconf 89' lang='lat' dir='ltr'><strong>pro</strong></span> <span class='ocrx_word' id='word_1_91' title='bbox 1031 1931 1192 2029; x_wconf 80' lang='lat' dir='ltr'><strong>negativa</strong></span> <span class='ocrx_word' id='word_1_92' title='bbox 1218 1927 1379 2000; x_wconf 88' lang='lat' dir='ltr'><strong>obstina-</strong></span> 
     </span>
     <span class='ocr_line' id='line_1_15' title="bbox 386 2031 1381 2146; baseline 0.006 -42"><span class='ocrx_word' id='word_1_93' title='bbox 386 2036 416 2104; x_wconf 87' lang='lat' dir='ltr'><strong>ti</strong></span> <span class='ocrx_word' id='word_1_94' title='bbox 441 2031 652 2110; x_wconf 83' lang='lat' dir='ltr'><strong>adversarios</strong></span> <span class='ocrx_word' id='word_1_95' title='bbox 664 2040 925 2133; x_wconf 86' lang='lat' dir='ltr'><strong>Dominicanos,</strong></span> <span class='ocrx_word' id='word_1_96' title='bbox 938 2060 997 2113; x_wconf 89' lang='lat' dir='ltr'><strong>aut</strong></span> <span class='ocrx_word' id='word_1_97' title='bbox 1014 2043 1050 2114; x_wconf 91' lang='lat' dir='ltr'><strong>hi</strong></span> <span class='ocrx_word' id='word_1_98' title='bbox 1063 2058 1188 2113; x_wconf 88' lang='lat' dir='ltr'><strong>mutuo</strong></span> <span class='ocrx_word' id='word_1_99' title='bbox 1206 2039 1285 2146; x_wconf 85' lang='lat' dir='ltr'><strong>illos</strong></span> <span class='ocrx_word' id='word_1_100' title='bbox 1305 2039 1381 2110; x_wconf 83' lang='lat' dir='ltr'><strong>hae-</strong></span> 
     </span>
     <span class='ocr_line' id='line_1_16' title="bbox 386 2150 1381 2225; baseline 0.007 -12"><span class='ocrx_word' id='word_1_101' title='bbox 386 2169 503 2215; x_wconf 88' lang='lat' dir='ltr'><strong>reseos</strong></span> <span class='ocrx_word' id='word_1_102' title='bbox 520 2163 684 2221; x_wconf 79' lang='lat' dir='ltr'><strong>&#39;censurae</strong></span> <span class='ocrx_word' id='word_1_103' title='bbox 709 2167 791 2223; x_wconf 88' lang='lat' dir='ltr'><strong>nota</strong></span> <span class='ocrx_word' id='word_1_104' title='bbox 817 2155 1006 2225; x_wconf 83' lang='lat' dir='ltr'><strong>inurerent.</strong></span> <span class='ocrx_word' id='word_1_105' title='bbox 1033 2153 1150 2225; x_wconf 86' lang='lat' dir='ltr'><strong>Adisis</strong></span> <span class='ocrx_word' id='word_1_106' title='bbox 1181 2179 1225 2224; x_wconf 85' lang='lat' dir='ltr'><strong>ex</strong></span> <span class='ocrx_word' id='word_1_107' title='bbox 1255 2150 1381 2222; x_wconf 83' lang='lat' dir='ltr'><strong>Histo-</strong></span> 
     </span>
     <span class='ocr_line' id='line_1_17' title="bbox 387 2254 1382 2360; baseline 0.009 -40"><span class='ocrx_word' id='word_1_108' title='bbox 387 2254 470 2326; x_wconf 88' lang='lat' dir='ltr'><strong>ricis</strong></span> <span class='ocrx_word' id='word_1_109' title='bbox 495 2257 652 2326; x_wconf 90' lang='lat' dir='ltr'><strong>omnium</strong></span> <span class='ocrx_word' id='word_1_110' title='bbox 677 2261 854 2358; x_wconf 72' lang='lat' dir='ltr'><strong>praecipue</strong></span> <span class='ocrx_word' id='word_1_111' title='bbox 880 2262 1106 2334; x_wconf 90' lang='lat' dir='ltr'><strong>Gobellinum</strong></span> <span class='ocrx_word' id='word_1_112' title='bbox 1141 2289 1182 2335; x_wconf 88' lang='lat' dir='ltr'><strong>ac</strong></span> <span class='ocrx_word' id='word_1_113' title='bbox 1217 2258 1382 2360; x_wconf 87' lang='lat' dir='ltr'><strong>Sponda-</strong></span> 
     </span>
    </p>
   </div>
   <div class='ocr_carea' id='block_1_3' title="bbox 404 2474 1389 2520">
    <p class='ocr_par' dir='ltr' id='par_1_3' title="bbox 404 2474 1389 2520">
     <span class='ocr_line' id='line_1_18' title="bbox 404 2474 1389 2520; baseline 0 -32"><span class='ocrx_word' id='word_1_114' title='bbox 404 2474 1389 2520; x_wconf 43' lang='grc' dir='ltr'>Μ</span> 
     </span>
    </p>
   </div>
   <div class='ocr_carea' id='block_1_4' title="bbox 285 2593 1387 3988">
    <p class='ocr_par' dir='ltr' id='par_1_4' title="bbox 378 2593 1385 3150">
     <span class='ocr_line' id='line_1_19' title="bbox 385 2593 1384 2678; baseline 0.015 -27"><span class='ocrx_word' id='word_1_115' title='bbox 385 2605 426 2652; x_wconf 85' lang='lat' dir='ltr'><strong>siae</strong></span> <span class='ocrx_word' id='word_1_116' title='bbox 442 2593 560 2671; x_wconf 83' lang='lat' dir='ltr'><strong>definitio,</strong></span> <span class='ocrx_word' id='word_1_117' title='bbox 578 2624 623 2658; x_wconf 86' lang='lat' dir='ltr'><strong>nec</strong></span> <span class='ocrx_word' id='word_1_118' title='bbox 639 2627 683 2678; x_wconf 87' lang='lat' dir='ltr'><strong>per</strong></span> <span class='ocrx_word' id='word_1_119' title='bbox 699 2613 808 2662; x_wconf 86' lang='lat' dir='ltr'><strong>triduum</strong></span> <span class='ocrx_word' id='word_1_120' title='bbox 820 2620 904 2667; x_wconf 81' lang='lat' dir='ltr'><strong>mortis</strong></span> <span class='ocrx_word' id='word_1_121' title='bbox 915 2595 1035 2669; x_wconf 78' lang='lat' dir='ltr'><strong>divulsam</strong></span> <span class='ocrx_word' id='word_1_122' title='bbox 1046 2602 1121 2670; x_wconf 77' lang='lat' dir='ltr'><strong>fuisse</strong></span> <span class='ocrx_word' id='word_1_123' title='bbox 1131 2620 1286 2668; x_wconf 79' lang='lat' dir='ltr'><strong>divinitatem</strong></span> <span class='ocrx_word' id='word_1_124' title='bbox 1297 2633 1317 2665; x_wconf 65' lang='lat' dir='ltr'><strong>a*</strong></span> <span class='ocrx_word' id='word_1_125' title='bbox 1326 2634 1384 2668; x_wconf 83' lang='lat' dir='ltr'><strong>cor-</strong></span> 
     </span>
     <span class='ocr_line' id='line_1_20' title="bbox 387 2701 1382 2778; baseline 0.02 -37"><span class='ocrx_word' id='word_1_126' title='bbox 387 2710 446 2761; x_wconf 86' lang='lat' dir='ltr'><strong>pore</strong></span> <span class='ocrx_word' id='word_1_127' title='bbox 463 2713 542 2764; x_wconf 87' lang='lat' dir='ltr'><strong>eoque</strong></span> <span class='ocrx_word' id='word_1_128' title='bbox 559 2703 640 2750; x_wconf 89' lang='lat' dir='ltr'><strong>minus</strong></span> <span class='ocrx_word' id='word_1_129' title='bbox 658 2701 689 2751; x_wconf 89' lang='lat' dir='ltr'><strong>ab</strong></span> <span class='ocrx_word' id='word_1_130' title='bbox 706 2708 785 2768; x_wconf 83' lang='lat' dir='ltr'><strong>anima</strong></span> <span class='ocrx_word' id='word_1_131' title='bbox 802 2707 892 2758; x_wconf 80' lang='lat' dir='ltr'><strong>Christi</strong></span> <span class='ocrx_word' id='word_1_132' title='bbox 908 2715 1081 2777; x_wconf 56' lang='lat' dir='ltr'><strong>separatisrin</strong></span> <span class='ocrx_word' id='word_1_133' title='bbox 1098 2711 1170 2778; x_wconf 86' lang='lat' dir='ltr'><strong>cujus</strong></span> <span class='ocrx_word' id='word_1_134' title='bbox 1191 2713 1284 2760; x_wconf 81' lang='lat' dir='ltr'><strong>adserti</strong></span> <span class='ocrx_word' id='word_1_135' title='bbox 1305 2715 1382 2761; x_wconf 87' lang='lat' dir='ltr'><strong>testi-</strong></span> 
     </span>
     <span class='ocr_line' id='line_1_21' title="bbox 378 2781 1385 2872; baseline 0.02 -37"><span class='ocrx_word' id='word_1_136' title='bbox 378 2791 497 2852; x_wconf 87' lang='lat' dir='ltr'><strong>monium,</strong></span> <span class='ocrx_word' id='word_1_137' title='bbox 516 2781 639 2858; x_wconf 60' lang='lat' dir='ltr'><strong>(desertis,</strong></span> <span class='ocrx_word' id='word_1_138' title='bbox 657 2794 704 2858; x_wconf 85' lang='lat' dir='ltr'><strong>vel,</strong></span> <span class='ocrx_word' id='word_1_139' title='bbox 721 2799 889 2864; x_wconf 69' lang='lat' dir='ltr'><strong>quadradas,</strong></span> <span class='ocrx_word' id='word_1_140' title='bbox 906 2801 1010 2872; x_wconf 81' lang='lat' dir='ltr'><strong>benigue</strong></span> <span class='ocrx_word' id='word_1_141' title='bbox 1027 2807 1144 2871; x_wconf 73' lang='lat' dir='ltr'><strong>expositis</strong></span> <span class='ocrx_word' id='word_1_142' title='bbox 1161 2803 1255 2871; x_wconf 86' lang='lat' dir='ltr'><strong>aliquot</strong></span> <span class='ocrx_word' id='word_1_143' title='bbox 1278 2820 1310 2853; x_wconf 79' lang='lat' dir='ltr'><strong>ex</strong></span> <span class='ocrx_word' id='word_1_144' title='bbox 1328 2805 1385 2854; x_wconf 85' lang='lat' dir='ltr'><strong>An-</strong></span> 
     </span>
     <span class='ocr_line' id='line_1_22' title="bbox 387 2862 1383 2964; baseline 0.018 -36"><span class='ocrx_word' id='word_1_145' title='bbox 387 2883 460 2948; x_wconf 88' lang='lat' dir='ltr'><strong>tiquis</strong></span> <span class='ocrx_word' id='word_1_146' title='bbox 477 2862 533 2932; x_wconf 27' lang='lat' dir='ltr'><strong>non*</strong></span> <span class='ocrx_word' id='word_1_147' title='bbox 545 2885 575 2932; x_wconf 92' lang='lat' dir='ltr'><strong>de</strong></span> <span class='ocrx_word' id='word_1_148' title='bbox 592 2885 744 2953; x_wconf 71' lang='lat' dir='ltr'><strong>reparatione</strong></span> <span class='ocrx_word' id='word_1_149' title='bbox 761 2891 908 2954; x_wconf 79' lang='lat' dir='ltr'><strong>Divinitatis,</strong></span> <span class='ocrx_word' id='word_1_150' title='bbox 926 2897 969 2944; x_wconf 85' lang='lat' dir='ltr'><strong>sed</strong></span> <span class='ocrx_word' id='word_1_151' title='bbox 986 2898 1017 2946; x_wconf 90' lang='lat' dir='ltr'><strong>de</strong></span> <span class='ocrx_word' id='word_1_152' title='bbox 1033 2901 1202 2962; x_wconf 63' lang='lat' dir='ltr'><strong>subtractione</strong></span> <span class='ocrx_word' id='word_1_153' title='bbox 1214 2901 1383 2964; x_wconf 84' lang='lat' dir='ltr'><strong>protectionis</strong></span> 
     </span>
     <span class='ocr_line' id='line_1_23' title="bbox 387 2965 1383 3058; baseline 0.018 -38"><span class='ocrx_word' id='word_1_154' title='bbox 387 2973 504 3038; x_wconf 63' lang='lat' dir='ltr'><strong>specialis,</strong></span> <span class='ocrx_word' id='word_1_155' title='bbox 522 2983 550 3023; x_wconf 84' lang='lat' dir='ltr'><strong>ut</strong></span> <span class='ocrx_word' id='word_1_156' title='bbox 560 2977 630 3028; x_wconf 88' lang='lat' dir='ltr'><strong>Jesus</strong></span> <span class='ocrx_word' id='word_1_157' title='bbox 647 2983 697 3046; x_wconf 87' lang='lat' dir='ltr'><strong>pati</strong></span> <span class='ocrx_word' id='word_1_158' title='bbox 709 2990 734 3029; x_wconf 87' lang='lat' dir='ltr'><strong>et</strong></span> <span class='ocrx_word' id='word_1_159' title='bbox 746 2986 806 3032; x_wconf 86' lang='lat' dir='ltr'><strong>mori</strong></span> <span class='ocrx_word' id='word_1_160' title='bbox 824 2995 914 3050; x_wconf 83' lang='lat' dir='ltr'><strong>posset,</strong></span> <span class='ocrx_word' id='word_1_161' title='bbox 926 2969 970 3054; x_wconf 84' lang='lat' dir='ltr'><strong>per</strong></span> <span class='ocrx_word' id='word_1_162' title='bbox 982 2965 1141 3058; x_wconf 71' lang='lat' dir='ltr'><strong>triduumque</strong></span> <span class='ocrx_word' id='word_1_163' title='bbox 1157 3001 1264 3040; x_wconf 86' lang='lat' dir='ltr'><strong>mortem</strong></span> <span class='ocrx_word' id='word_1_164' title='bbox 1280 2993 1383 3058; x_wconf 76' lang='lat' dir='ltr'><strong>eriperi-</strong></span> 
     </span>
     <span class='ocr_line' id='line_1_24' title="bbox 388 3051 1194 3150; baseline 0.026 -37"><span class='ocrx_word' id='word_1_165' title='bbox 388 3067 481 3133; x_wconf 87' lang='lat' dir='ltr'><strong>retur)‚</strong></span> <span class='ocrx_word' id='word_1_166' title='bbox 497 3068 581 3118; x_wconf 83' lang='lat' dir='ltr'><strong>Patres</strong></span> <span class='ocrx_word' id='word_1_167' title='bbox 599 3051 684 3138; x_wconf 49' lang='lat' dir='ltr'><strong>relictui</strong></span> <span class='ocrx_word' id='word_1_168' title='bbox 701 3075 732 3122; x_wconf 89' lang='lat' dir='ltr'><strong>ad</strong></span> <span class='ocrx_word' id='word_1_169' title='bbox 749 3089 825 3124; x_wconf 80' lang='lat' dir='ltr'><strong>unuin</strong></span> <span class='ocrx_word' id='word_1_170' title='bbox 843 3083 956 3129; x_wconf 84' lang='lat' dir='ltr'><strong>citantur.</strong></span> <span class='ocrx_word' id='word_1_171' title='bbox 968 3083 1004 3132; x_wconf 74' lang='lat' dir='ltr'><strong>V.</strong></span> <span class='ocrx_word' id='word_1_172' title='bbox 1023 3084 1194 3150; x_wconf 79' lang='lat' dir='ltr'><strong>Gazzanigam.</strong></span> 
     </span>
    </p>

    <p class='ocr_par' dir='ltr' id='par_1_5' title="bbox 285 3142 1387 3988">
     <span class='ocr_line' id='line_1_25' title="bbox 430 3142 1383 3244; baseline 0.025 -41"><span class='ocrx_word' id='word_1_173' title='bbox 430 3157 462 3204; x_wconf 82' lang='lat' dir='ltr'><strong>Et</strong></span> <span class='ocrx_word' id='word_1_174' title='bbox 478 3144 536 3206; x_wconf 83' lang='lat' dir='ltr'><strong>sane</strong></span> <span class='ocrx_word' id='word_1_175' title='bbox 553 3175 567 3207; x_wconf 89' lang='lat' dir='ltr'><strong>e</strong></span> <span class='ocrx_word' id='word_1_176' title='bbox 583 3159 642 3232; x_wconf 84' lang='lat' dir='ltr'><strong>fidei</strong></span> <span class='ocrx_word' id='word_1_177' title='bbox 660 3142 782 3225; x_wconf 81' lang='lat' dir='ltr'><strong>Syruholi&#39;s</strong></span> <span class='ocrx_word' id='word_1_178' title='bbox 800 3167 912 3220; x_wconf 85' lang='lat' dir='ltr'><strong>Christus</strong></span> <span class='ocrx_word' id='word_1_179' title='bbox 932 3181 1052 3240; x_wconf 88' lang='lat' dir='ltr'><strong>quantum</strong></span> <span class='ocrx_word' id='word_1_180' title='bbox 1078 3178 1110 3224; x_wconf 91' lang='lat' dir='ltr'><strong>ad</strong></span> <span class='ocrx_word' id='word_1_181' title='bbox 1136 3169 1230 3244; x_wconf 77' lang='lat' dir='ltr'><strong>corpus¹</strong></span> <span class='ocrx_word' id='word_1_182' title='bbox 1249 3176 1330 3244; x_wconf 84' lang='lat' dir='ltr'><strong>jacuit</strong></span> <span class='ocrx_word' id='word_1_183' title='bbox 1355 3180 1383 3226; x_wconf 89' lang='lat' dir='ltr'><strong>iu</strong></span> 
     </span>
     <span class='ocr_line' id='line_1_26' title="bbox 388 3247 1384 3337; baseline 0.025 -42"><span class='ocrx_word' id='word_1_184' title='bbox 388 3247 508 3313; x_wconf 76' lang='lat' dir='ltr'><strong>sepulcro,</strong></span> <span class='ocrx_word' id='word_1_185' title='bbox 526 3259 550 3300; x_wconf 88' lang='lat' dir='ltr'><strong>et</strong></span> <span class='ocrx_word' id='word_1_186' title='bbox 568 3253 599 3300; x_wconf 90' lang='lat' dir='ltr'><strong>ad</strong></span> <span class='ocrx_word' id='word_1_187' title='bbox 615 3253 704 3304; x_wconf 79' lang='lat' dir='ltr'><strong>inferos</strong></span> <span class='ocrx_word' id='word_1_188' title='bbox 721 3260 802 3323; x_wconf 88' lang='lat' dir='ltr'><strong>quoad</strong></span> <span class='ocrx_word' id='word_1_189' title='bbox 819 3265 923 3312; x_wconf 87' lang='lat' dir='ltr'><strong>animam</strong></span> <span class='ocrx_word' id='word_1_190' title='bbox 940 3266 1074 3332; x_wconf 74' lang='lat' dir='ltr'><strong>descendit3</strong></span> <span class='ocrx_word' id='word_1_191' title='bbox 1091 3273 1133 3337; x_wconf 93' lang='lat' dir='ltr'><strong>qui</strong></span> <span class='ocrx_word' id='word_1_192' title='bbox 1150 3280 1236 3320; x_wconf 81' lang='lat' dir='ltr'><strong>autem</strong></span> <span class='ocrx_word' id='word_1_193' title='bbox 1248 3270 1384 3322; x_wconf 85' lang='lat' dir='ltr'><strong>Christum</strong></span> 
     </span>
     <span class='ocr_line' id='line_1_27' title="bbox 388 3322 1386 3431; baseline 0.026 -44"><span class='ocrx_word' id='word_1_194' title='bbox 388 3343 497 3390; x_wconf 88' lang='lat' dir='ltr'><strong>nominat</strong></span> <span class='ocrx_word' id='word_1_195' title='bbox 505 3322 667 3392; x_wconf 32' lang='lat' dir='ltr'><strong>&#39;Divinitatem</strong></span> <span class='ocrx_word' id='word_1_196' title='bbox 689 3347 748 3396; x_wconf 87' lang='lat' dir='ltr'><strong>dicit</strong></span> <span class='ocrx_word' id='word_1_197' title='bbox 763 3367 819 3399; x_wconf 87' lang='lat' dir='ltr'><strong>curn</strong></span> <span class='ocrx_word' id='word_1_198' title='bbox 837 3332 1005 3422; x_wconf 82' lang='lat' dir='ltr'><strong>humanitate,</strong></span> <span class='ocrx_word' id='word_1_199' title='bbox 1023 3359 1062 3409; x_wconf 85' lang='lat' dir='ltr'><strong>vei</strong></span> <span class='ocrx_word' id='word_1_200' title='bbox 1079 3371 1131 3411; x_wconf 89' lang='lat' dir='ltr'><strong>tota</strong></span> <span class='ocrx_word' id='word_1_201' title='bbox 1148 3363 1239 3430; x_wconf 76' lang='lat' dir='ltr'><strong>simul,</strong></span> <span class='ocrx_word' id='word_1_202' title='bbox 1258 3365 1300 3414; x_wconf 86' lang='lat' dir='ltr'><strong>vei</strong></span> <span class='ocrx_word' id='word_1_203' title='bbox 1323 3364 1386 3431; x_wconf 80' lang='lat' dir='ltr'><strong>ejus</strong></span> 
     </span>
     <span class='ocr_line' id='line_1_28' title="bbox 388 3431 1386 3520; baseline 0.03 -41"><span class='ocrx_word' id='word_1_204' title='bbox 388 3431 508 3498; x_wconf 72' lang='lat' dir='ltr'><strong>partibui,</strong></span> <span class='ocrx_word' id='word_1_205' title='bbox 525 3432 677 3502; x_wconf 80' lang='lat' dir='ltr'><strong>hypostatice</strong></span> <span class='ocrx_word' id='word_1_206' title='bbox 694 3441 858 3508; x_wconf 85' lang='lat' dir='ltr'><strong>conjunctam.</strong></span> <span class='ocrx_word' id='word_1_207' title='bbox 876 3450 945 3498; x_wconf 90' lang='lat' dir='ltr'><strong>Unde</strong></span> <span class='ocrx_word' id='word_1_208' title='bbox 956 3454 1022 3502; x_wconf 89' lang='lat' dir='ltr'><strong>istud</strong></span> <span class='ocrx_word' id='word_1_209' title='bbox 1038 3455 1148 3520; x_wconf 79' lang='lat' dir='ltr'><strong>effatum,</strong></span> <span class='ocrx_word' id='word_1_210' title='bbox 1167 3459 1294 3508; x_wconf 83' lang='lat' dir='ltr'><strong>moraliter</strong></span> <span class='ocrx_word' id='word_1_211' title='bbox 1305 3460 1386 3509; x_wconf 84' lang='lat' dir='ltr'><strong>intel-</strong></span> 
     </span>
     <span class='ocr_line' id='line_1_29' title="bbox 388 3519 1387 3620; baseline 0.033 -52"><span class='ocrx_word' id='word_1_212' title='bbox 388 3519 520 3590; x_wconf 75' lang='lat' dir='ltr'><strong>ligandum¹</strong></span> <span class='ocrx_word' id='word_1_213' title='bbox 538 3527 604 3591; x_wconf 89' lang='lat' dir='ltr'><strong>quod</strong></span> <span class='ocrx_word' id='word_1_214' title='bbox 620 3537 658 3577; x_wconf 90' lang='lat' dir='ltr'><strong>est</strong></span> <span class='ocrx_word' id='word_1_215' title='bbox 677 3530 786 3596; x_wconf 83' lang='lat' dir='ltr'><strong>Gregorii</strong></span> <span class='ocrx_word' id='word_1_216' title='bbox 803 3535 923 3602; x_wconf 85' lang='lat' dir='ltr'><strong>Nysseni,</strong></span> <span class='ocrx_word' id='word_1_217' title='bbox 941 3523 1026 3593; x_wconf 83' lang='lat' dir='ltr'><strong>omnes</strong></span> <span class='ocrx_word' id='word_1_218' title='bbox 1042 3546 1145 3596; x_wconf 85' lang='lat' dir='ltr'><strong>Scholas</strong></span> <span class='ocrx_word' id='word_1_219' title='bbox 1162 3553 1288 3616; x_wconf 85' lang='lat' dir='ltr'><strong>pervasit:</strong></span> <span class='ocrx_word' id='word_1_220' title='bbox 1305 3549 1387 3620; x_wconf 81' lang='lat' dir='ltr'><strong>quod</strong></span> 
     </span>
     <span class='ocr_line' id='line_1_30' title="bbox 390 3611 1385 3702; baseline 0.033 -38"><span class='ocrx_word' id='word_1_221' title='bbox 390 3611 499 3684; x_wconf 72' lang='lat' dir='ltr'><strong>Verbum</strong></span> <span class='ocrx_word' id='word_1_222' title='bbox 510 3619 586 3666; x_wconf 73' lang='lat' dir='ltr'><strong>semel</strong></span> <span class='ocrx_word' id='word_1_223' title='bbox 594 3623 736 3690; x_wconf 77' lang='lat' dir='ltr'><strong>assurupsit,</strong></span> <span class='ocrx_word' id='word_1_224' title='bbox 755 3643 880 3695; x_wconf 77' lang='lat' dir='ltr'><strong>uurrquaur</strong></span> <span class='ocrx_word' id='word_1_225' title='bbox 897 3630 1010 3684; x_wconf 79' lang='lat' dir='ltr'><strong>dimisit:</strong></span> <span class='ocrx_word' id='word_1_226' title='bbox 1020 3636 1073 3702; x_wconf 84' lang='lat' dir='ltr'><strong>jam</strong></span> <span class='ocrx_word' id='word_1_227' title='bbox 1086 3644 1153 3690; x_wconf 88' lang='lat' dir='ltr'><strong>enim</strong></span> <span class='ocrx_word' id='word_1_228' title='bbox 1166 3643 1265 3692; x_wconf 82' lang='lat' dir='ltr'><strong>dixerat</strong></span> <span class='ocrx_word' id='word_1_229' title='bbox 1277 3647 1312 3696; x_wconf 91' lang='lat' dir='ltr'><strong>M.</strong></span> <span class='ocrx_word' id='word_1_230' title='bbox 1327 3647 1385 3696; x_wconf 83' lang='lat' dir='ltr'><strong>heo</strong></span> 
     </span>
     <span class='ocr_line' id='line_1_31' title="bbox 388 3706 1384 3789; baseline 0.038 -36"><span class='ocrx_word' id='word_1_231' title='bbox 388 3706 498 3772; x_wconf 75' lang='lat' dir='ltr'><strong>pontifex</strong></span> <span class='ocrx_word' id='word_1_232' title='bbox 514 3725 586 3760; x_wconf 85' lang='lat' dir='ltr'><strong>serm.</strong></span> <span class='ocrx_word' id='word_1_233' title='bbox 605 3714 645 3777; x_wconf 87' lang='lat'><strong>27,</strong></span> <span class='ocrx_word' id='word_1_234' title='bbox 663 3715 688 3764; x_wconf 84' lang='lat' dir='ltr'><strong>in</strong></span> <span class='ocrx_word' id='word_1_235' title='bbox 706 3728 798 3766; x_wconf 77' lang='lat' dir='ltr'><strong>tarruun</strong></span> <span class='ocrx_word' id='word_1_236' title='bbox 815 3723 934 3774; x_wconf 78' lang='lat' dir='ltr'><strong>unitatem</strong></span> <span class='ocrx_word' id='word_1_237' title='bbox 951 3728 1002 3776; x_wconf 69' lang='lat' dir='ltr'><strong>Dei</strong></span> <span class='ocrx_word' id='word_1_238' title='bbox 1011 3742 1035 3778; x_wconf 85' lang='lat' dir='ltr'><strong>et</strong></span> <span class='ocrx_word' id='word_1_239' title='bbox 1053 3729 1161 3783; x_wconf 75' lang='lat' dir='ltr'><strong>dominis</strong></span> <span class='ocrx_word' id='word_1_240' title='bbox 1178 3735 1307 3786; x_wconf 78' lang='lat' dir='ltr'><strong>raatum&#39;m.</strong></span> <span class='ocrx_word' id='word_1_241' title='bbox 1320 3756 1384 3789; x_wconf 52' lang='lat' dir='ltr'><strong>coer*</strong></span> 
     </span>
     <span class='ocr_line' id='line_1_32' title="bbox 285 3798 1385 3898; baseline 0.038 -58"><span class='ocrx_word' id='word_1_242' title='bbox 285 3869 290 3878; x_wconf 31' lang='lat'>¹</span> <span class='ocrx_word' id='word_1_243' title='bbox 388 3798 488 3860; x_wconf 73' lang='lat' dir='ltr'><strong>vertisse,</strong></span> <span class='ocrx_word' id='word_1_244' title='bbox 505 3809 529 3849; x_wconf 85' lang='lat' dir='ltr'><strong>at</strong></span> <span class='ocrx_word' id='word_1_245' title='bbox 546 3818 589 3851; x_wconf 80' lang='lat' dir='ltr'><strong>nrc</strong></span> <span class='ocrx_word' id='word_1_246' title='bbox 605 3807 727 3873; x_wconf 76' lang='lat' dir='ltr'><strong>reapplicr&#39;o</strong></span> <span class='ocrx_word' id='word_1_247' title='bbox 742 3812 851 3876; x_wconf 69' lang='lat' dir='ltr'><strong>potuerit</strong></span> <span class='ocrx_word' id='word_1_248' title='bbox 867 3813 961 3877; x_wconf 62' lang='lat' dir='ltr'><strong>diurni,</strong></span> <span class='ocrx_word' id='word_1_249' title='bbox 978 3837 1020 3869; x_wconf 84' lang='lat' dir='ltr'><strong>uec</strong></span> <span class='ocrx_word' id='word_1_250' title='bbox 1032 3837 1111 3872; x_wconf 80' lang='lat' dir='ltr'><strong>morte</strong></span> <span class='ocrx_word' id='word_1_251' title='bbox 1123 3822 1245 3895; x_wconf 69' lang='lat' dir='ltr'><strong>disjrurgr&#39;,¹</strong></span> <span class='ocrx_word' id='word_1_252' title='bbox 1264 3831 1385 3898; x_wconf 74' lang='lat' dir='ltr'><strong>dixitque</strong></span> 
     </span>
     <span class='ocr_line' id='line_1_33' title="bbox 386 3889 1343 3988; baseline 0.038 -51"><span class='ocrx_word' id='word_1_253' title='bbox 386 3889 438 3955; x_wconf 79' lang='lat' dir='ltr'><strong>jam</strong></span> <span class='ocrx_word' id='word_1_254' title='bbox 454 3892 629 3964; x_wconf 76' lang='lat' dir='ltr'><strong>erpheavitque</strong></span> <span class='ocrx_word' id='word_1_255' title='bbox 646 3916 697 3948; x_wconf 80' lang='lat' dir='ltr'><strong>rein</strong></span> <span class='ocrx_word' id='word_1_256' title='bbox 714 3909 791 3951; x_wconf 87' lang='lat' dir='ltr'><strong>totam</strong></span> <span class='ocrx_word' id='word_1_257' title='bbox 808 3902 849 3953; x_wconf 89' lang='lat' dir='ltr'><strong>hh.</strong></span> <span class='ocrx_word' id='word_1_258' title='bbox 868 3910 883 3958; x_wconf 79' lang='lat'>3</span> <span class='ocrx_word' id='word_1_259' title='bbox 900 3911 932 3960; x_wconf 86' lang='lat' dir='ltr'><strong>de</strong></span> <span class='ocrx_word' id='word_1_260' title='bbox 949 3912 1008 3962; x_wconf 82' lang='lat' dir='ltr'><strong>Fide</strong></span> <span class='ocrx_word' id='word_1_261' title='bbox 1025 3915 1195 3970; x_wconf 80' lang='lat' dir='ltr'><strong>Damascenus</strong></span> <span class='ocrx_word' id='word_1_262' title='bbox 1213 3939 1268 3988; x_wconf 82' lang='lat' dir='ltr'><strong>cup.</strong></span> <span class='ocrx_word' id='word_1_263' title='bbox 1290 3909 1343 3972; x_wconf 72' lang='grc' dir='ltr'><strong>27.Ι</strong></span> 
     </span>
    </p>
   </div>
   <div class='ocr_carea' id='block_1_5' title="bbox 0 0 1465 4962">
    <p class='ocr_par' dir='ltr' id='par_1_6' title="bbox 0 0 1465 4962">
     <span class='ocr_line' id='line_1_34' title="bbox 0 0 1465 4962; baseline 0 0"><span class='ocrx_word' id='word_1_264' title='bbox 0 0 1465 4962; x_wconf 95' lang='lat' dir='ltr'><strong> </strong></span> 
     </span>
    </p>
   </div>
  </div>
 </body>
</html>
