2932 4970
358 449 407 522 62
620 471 682 520 tu.
708 473 743 519 ιν
769 468 941 520 snorrours
965 471 977 520 r
1003 472 1032 522 c.
1058 476 1071 522 1

263 649 268 660 .
356 554 426 636 ceu‘
446 551 616 660 sapientia
632 549 773 658 quoque
790 555 827 628 in
853 551 1067 645 concilianda¹
1083 551 1229 637 summa*
1242 553 1341 664 justi·

354 674 405 744 tia
422 685 459 744 et
475 666 720 761 misericordia,
737 695 818 768 quae
835 669 936 741 simul
955 671 1123 746 osculato
1148 689 1246 762 sunt,
1262 702 1337 748 ma·

357 783 642 884 gnifieentissime
668 779 836 882 splendet
852 782 936 854 Fuit
953 799 989 854 et
1009 785 1339 860 convenientissima

353 893 491 970 homini
515 895 554 966 in
579 891 769 985 individuo3
795 892 876 992 quia
901 891 1033 966 sactum
1059 909 1113 966 est
1137 920 1203 996 per
1222 897 1335 970 Incar-

353 1003 544 1096 nationum,
560 1016 615 1073 ut·
626 1000 704 1074 talis
722 1027 763 1074 ac
784 1005 874 1074 unus
888 1001 1090 1100 singulatim
1115 1005 1225 1080 homo
1241 1007 1337 1083 Deus

355 1100 456 1186 esset·
482 1128 589 1210 atque
614 1110 749 1182 homini
775 1111 882 1184 etiam
898 1113 936 1186 in
953 1138 1014 1186 sua
1040 1115 1156 1216 specie
1182 1103 1336 1216 sumpto3

354 1223 437 1322 quia
463 1237 537 1295 tota
554 1236 677 1294 natura
694 1223 929 1324 humanaper
945 1225 1230 1324 conjunctionem
1251 1229 1336 1299 Ver·

352 1329 389 1403 hi
415 1331 523 1408 divini
549 1358 632 1406 cum
657 1357 728 1405 uno
755 1357 799 1404 ex
824 1333 897 1432 ejus
921 1331 1108 1426 individuis
1133 1333 1337 1408 conscendit

353 1443 411 1524 ad,
424 1445 736 1544 cognationenret
763 1445 1101 1544 consanguinitatem
1127 1471 1210 1518 cum
1235 1446 1336 1538 Deo,

351 1553 685 1662 praeterquamquod
709 1556 897 1628 innumera
909 1555 947 1628 in
963 1570 1074 1629 totam
1099 1572 1262 1630 naturam
1277 1555 1337 1628 he·

352 1667 477 1742 neficia
502 1663 732 1740 defluxerunt.
749 1666 876 1764 Sicque
893 1665 960 1739 suit
984 1668 1050 1741 toti
1067 1669 1174 1742 etiam
1189 1667 1337 1762 Univer-

351 1802 394 1852 so
417 1795 649 1853 consentanea
674 1804 715 1852 ac
740 1805 878 1852 summe
903 1781 1133 1873 conveniens3
1160 1806 1202 1853 eo
1227 1783 1338 1876 mani-

350 1911 409 1963 me
435 1889 515 1990 quia
540 1889 578 1960 in
604 1887 717 1986 aliqua
735 1888 789 1960 sui
813 1903 924 1988 parte,
940 1889 978 1960 in
1002 1887 1062 1961 illo
1079 1888 1335 1964 Homine-Deo

351 1999 495 2095 scilicet,
519 2000 564 2076 ad
590 1999 766 2100 fastigium
794 2000 985 2076 divinitatis
1014 2000 1174 2078 evolavit

378 2110 615 2211 ,ffiotvitaque
639 2109 889 2210 mysteriorum
905 2110 943 2180 in
959 2135 1031 2186 uno
1048 2110 1217 2209 Mystcrio
1234 2107 1338 2184 subli-

349 2218 513 2300 mitatem
537 2217 747 2292 tardiuscula
771 2243 873 2290 mens
897 2233 1017 2292 nostra
1041 2233 1229 2293 veneretur
1243 2273 1253 2310 ,
1267 2237 1338 2295 nec

351 2329 492 2424 veritati
517 2328 679 2406 indocilis
706 2345 742 2405 et
767 2331 923 2428 captiosa
948 2327 1166 2421 consideret3
1193 2328 1340 2424 dignita·

299 2479 301 2484 ·
350 2451 497 2535 temque
521 2463 641 2513 rorum
666 2436 1013 2537 ac'amplitudincm,
1031 2437 1201 2536 quoinde
1226 2439 1364 2538 perci,¹

349 2547 392 2646 pi
415 2548 588 2626 virtutum
610 2563 649 2620 et
664 2547 755 2626 vitae
781 2572 905 2628 norma
930 2547 1066 2647 possit,
1092 2545 1196 2626 alacri
1221 2545 1351 2630 studio,

351 2671 388 2740 ot
413 2660 471 2769 pia
496 2657 725 2742 meditatione
760 2657 1025 2760 complectatur.
1051 2668 1171 2758 Atque
1204 2661 1337 2734 interea

344 2765 416 2839 Dei
441 2769 668 2870 majestatem¹
685 2767 784 2841 valde
797 2787 799 2796 ’
811 2769 1040 2868 suspiciamus
1065 2769 1102 2840 in
1123 2771 1192 2842 hoc
1209 2793 1335 2840 arcano

350 2877 601 2980 refulgentem:
628 2906 668 2954 ac
694 2879 846 2962 divinam
871 2879 1078 2980 bonitatem,
1095 2881 1276 2978 nostrique
1292 2879 1348 2952 vi·-
1458 2919 1459 2980 3

349 3005 424 3078 lam
448 3008 672 3091 mortemque
699 2993 937 3092 sospitatoris,
957 2991 1178 3090 hominisque
1204 2990 1345 3064 redens.
1395 3079 1399 3084 ἡ

349 3101 508 3200 ptionem
531 3105 606 3202 jugi
632 3104 769 3182 actione
796 3103 999 3210 gratiarum,
1026 3101 1244 3176 confessione
1266 3129 1337 3176 sce·
1458 3151 1459 3168 i

348 3213 475 3306 lerum,
500 3215 618 3294 imbre·
638 3215 885 3312 lacrymarum,
902 3216 1094 3316 praeconio,
1117 3214 1254 3316 plausu,
1270 3216 1334 3315 spi·

348 3327 430 3404 ritu:
445 3343 482 3406 ct
506 3325 875 3426 lingua'eelebremus.
900 3328 964 3426 Eja
989 3329 1107 3426 igitur,
1133 3327 1346 3419 Auditores,
1458 3391 1459 3414 ,

351 3434 397 3508 ad
422 3461 565 3514 omnem
584 3435 775 3534 comparati
792 3434 962 3534 pietatem
977 3453 1013 3508 et
1030 3435 1238 3529 doctrinam,
1256 3463 1336 3536 quae

352 3549 546 3645 generatim
571 3547 804 3647 insuperiori
840 3545 1042 3620 definitione
1076 3546 1252 3648 complexi
1286 3575 1343 3621 sn.

349 3682 442 3749 naus,
467 3655 981 3756 singillatiminsequentibus
1011 3656 1189 3728 enucleata
1216 3656 1342 3755 capiti.

351 3765 612 3869 basgexcipitffi
640 3783 679 3838 ut
704 3765 873 3854 GentilcS,
898 3765 1030 3858 Judaei,
1057 3765 1220 3838 Haeretiei
1236 3753 1339 3838 brevi
1458 3799 1459 3810 κ

352 3878 480 3957 schola
506 3877 673 3954 methodo
701 3875 970 3970 confundantur,
996 3876 1249 3950 obmutescant.
