2908 4962
365 449 433 526 7⁸·
598 472 690 524 ntra.
715 473 750 521 ιν
776 471 945 524 sacriorus
971 475 983 520 ι
1009 473 1039 522 c.
1065 475 1077 522 ι

362 559 786 660 diffugiapervioacitatin
808 584 888 662 quae
905 559 955 635 ita
970 556 1070 654 brevi
1087 557 1349 662 disploduntur.

361 673 567 770 Magnificus
593 687 631 743 et
656 669 826 769 gloriosus
851 696 926 744 esse
943 669 1050 744 debet
1066 669 1235 746 adventus
1252 673 1348 746 Mes-

362 780 422 853 siae
448 777 631 871 secundus,
656 779 798 878 quando
825 781 923 854 vivos
939 806 981 854 ac
997 795 1157 854 mortuos
1177 773 1370 880 judicatu·¹

361 915 434 968 rus,
447 914 508 960 sua
532 888 569 958 in
594 889 774 988 majestate
799 890 916 962 veniet
928 943 939 980 ,
968 887 1148 980 eoncedo;
1174 886 1347 962 adventus

364 999 500 1082 Messiae
525 999 671 1098 primus,
695 999 842 1091 inficior,
859 998 902 1072 de
919 1001 1035 1099 primo
1056 1000 1152 1072 enim
1176 1001 1243 1073 isto
1267 1001 1370 1080 haec,

364 1123 420 1180 est
443 1107 618 1180 Zachariae
644 1108 851 1208 prophetia:
876 1111 962 1182 Rex
983 1123 1065 1180 tuus
1084 1110 1196 1182 veniet
1212 1105 1276 1181 tibi
1279 1109 1349 1204 ju-

365 1235 440 1294 stus
465 1235 499 1292 et
524 1219 696 1294 salvator:
716 1222 786 1317 ipse
801 1244 954 1318 pauper,
970 1235 1004 1292 et
1019 1219 1213 1294 ascendens
1238 1243 1346 1317 super

365 1333 524 1418 asinam,·
550 1355 657 1429 quam
677 1331 778 1429 juxta
804 1331 925 1403 Matth.
950 1330 1048 1432 pullo
1074 1332 1290 1422 comitatam,
1306 1345 1348 1402 ut

366 1438 527 1511 Christus
551 1438 832 1538 Hierosolymam
856 1441 1092 1533 inveheretur,
1116 1439 1349 1512 adduxerunt

365 1549 545 1648 Discipuli
567 1553 669 1640 Iesu,
694 1566 728 1624 et
752 1578 835 1625 eum
860 1553 1010 1651 desuper
1028 1551 1144 1626 sedere
1160 1549 1346 1649 ficemur.

367 1658 465 1734 Sedit
489 1687 574 1735 vero
599 1663 740 1738 Messias
766 1665 927 1737 Christus
955 1667 1056 1738 Jesus
1082 1689 1189 1764 super
1220 1661 1346 1736 solium
1437 1679 1438 1682 ’

366 1769 520 1864 Davidis,
545 1799 675 1874 nempe
700 1801 850 1874 regnum
875 1774 1028 1848 obtinuit
1056 1773 1226 1874 spiritale,
1251 1769 1347 1871 quod
1438 1799 1439 1802 ¹

367 1895 421 1954 est
445 1880 611 1976 Ecclesia,
637 1886 735 1985 cujus
761 1899 814 1956 est
832 1885 947 1984 Caput
964 1899 1000 1956 et
1016 1884 1091 1954 Rex
1107 1883 1146 1954 in
1163 1895 1346 1970 aeternum;

367 2017 439 2090 quo
463 2019 567 2067 sensu
592 1993 730 2068 locutus
755 1994 822 2065 fuit
849 1995 963 2066 Isaias.
988 1993 1037 2064 Et
1070 1991 1121 2063 sic
1153 1987 1325 2062 Israelitas
1337 2042 1349 2079 ,

367 2122 440 2178 non
467 2104 527 2198 qui
552 2103 735 2174 carnaliter
760 2103 891 2204 posteri
916 2118 998 2175 sunt
1022 2099 1177 2191 Israelis,
1201 2097 1264 2170 sed
1288 2095 1349 2196 qui

367 2203 477 2280 fidem
501 2210 607 2280 Israel
631 2211 823 2304 imitantur,
849 2211 970 2283 debuit
995 2208 1177 2282 dumtaxat
1198 2205 1357 2282 exaltare.

369 2316 578 2416 spiritaliter,
604 2346 663 2393 eos
687 2324 725 2394 in
750 2348 859 2421 regno
886 2324 1006 2420 gratiae
1033 2317 1294 2410 constituendo;
1311 2318 1350 2389 si·

371 2441 433 2506 cut
458 2443 504 2520 et,
528 2455 612 2524 non,
633 2432 733 2531 juxta
762 2431 967 2503 Judaeorum
991 2432 1131 2524 naeniaS,
1146 2457 1166 2501 a
1183 2429 1351 2502 servitute

369 2534 587 2637 Principum,
612 2540 675 2612 sed
700 2556 840 2612 aeternae
866 2543 990 2614 mortis
1015 2543 1181 2615 servitute
1199 2541 1295 2639 ipsos
1310 2537 1351 2609 li·
1445 2573 1446 2580 κ

371 2642 493 2748 berare
523 2649 665 2725 Judaeos
701 2679 893 2752 omnesque
919 2655 1064 2726 omnino
1098 2668 1243 2752 gentes,
1270 2652 1350 2749 quia

371 2778 495 2834 omnes
521 2785 583 2832 suo
609 2763 764 2860 pretioso
799 2787 921 2836 cruore
956 2761 1122 2835 redemit.
1152 2764 1230 2834 Hoc
1263 2765 1351 2834 item

370 2865 478 2967 modo
492 2871 623 2947 Gentes
636 2877 780 2974 proprio
793 2873 937 2974 subjecit
949 2875 1108 2975 imperio;
1122 2875 1218 2966 vicit,
1229 2872 1348 2946 domu·

371 2975 399 3046 it
425 3002 496 3048 suae
522 2982 640 3054 hostes
656 2985 842 3075 Ecclesiae,
861 3011 901 3056 ac
926 2982 1158 3056 idololatriam
1179 2981 1350 3082 paulatim

360 3100 410 3156 ·et
434 3113 500 3184 per
527 3090 652 3186 gradus
679 3094 804 3166 evertit
828 3091 1008 3190 Evangelii
1034 3090 1296 3190 praedicatione,
1316 3091 1352 3160 fi-

374 3192 431 3266 dei
454 3200 622 3293 suasione,
647 3202 895 3276 reformatione
912 3229 1064 3295 morum,
1081 3218 1121 3274 ut
1138 3203 1244 3276 Vates
1265 3200 1353 3272 sacri

373 3310 659 3404 praenuntiarunt.
685 3314 776 3385 Hinc
801 3329 909 3412 patet,
926 3329 980 3386 tot
997 3339 1057 3385 eos
1074 3312 1210 3385 Messiae
1233 3310 1352 3382 titulos

373 3443 446 3488 non
471 3445 586 3496 crasso
612 3441 821 3523 terrenoque
848 3452 961 3516 sensu,
987 3427 1088 3499 sicuti
1114 3421 1268 3498 carnales
1298 3423 1353 3494 Ju-

376 3527 452 3624 daei,
481 3559 565 3631 gens
588 3538 772 3629 cervicosa,
790 3536 912 3630 solent,
929 3535 1174 3635 intelligendos
1191 3561 1276 3628 esse,
1294 3532 1355 3608 sed

374 3664 464 3738 puro
491 3667 531 3713 ac
556 3644 710 3742 spiritali,
732 3661 772 3716 ut
789 3647 902 3718 omnis
918 3648 1010 3718 inter
1028 3662 1081 3717 tot
1098 3645 1353 3745 Prophetarum

375 3757 513 3828 oracula
540 3758 670 3834 collisio
697 3777 733 3833 et
757 3787 875 3861 pugna
897 3778 1128 3844 removeatur.
1184 3825 1186 3832 ,
1305 3758 1307 3761 ’

426 3907 477 3919 -
493 3867 611 3944 Multa
628 3871 747 3964 igitm,
766 3885 805 3945 ut
821 3873 871 3946 sic
889 3899 932 3945 ex
948 3871 1090 3966 laudata
1104 3872 1125 3946 J
1128 3871 1234 3944 ustini
1252 3871 1352 3942 Mart.
