2942 4962
390 465 468 540 tte
645 490 708 538 nn.
733 490 769 542 ur
794 489 964 538 sacrronn
989 491 1024 538 rv
1049 492 1079 538 c.
1104 491 1116 536 1

385 575 496 652 ianus
532 573 763 650 adseveratur.
789 571 951 646 Alterum
989 573 1206 648 membrum.
1225 574 1367 673 majoris

387 683 504 768 elucet
528 708 573 758 ex
595 683 682 758 locis
707 683 780 756 aliis
805 683 1018 777 innumeris,
1043 684 1080 756 in
1106 681 1232 781 quibus
1260 683 1370 754 Filius

386 796 454 868 Dei
478 793 604 870 dicitur
624 793 755 892 factm
780 793 823 867 de
848 797 981 868 semine
1005 795 1125 868 David
1131 850 1144 882 ,
1170 793 1369 892 diciturque

386 893 567 980 Dominus
590 905 711 1002 glorie
728 903 942 1000 crucifixus,
959 921 996 976 et
1012 905 1155 979 Auctor
1170 905 1247 976 vito
1264 903 1371 976 inter·

373 1007 525 1108 fecitis:
551 1015 610 1092 ubi
635 1013 779 1114 quidem
797 1029 1029 1113 temporanea
1053 1014 1223 1105 nativitas,
1239 1012 1372 1086 crucifi·

387 1125 457 1220 xio,
480 1151 587 1220 mors,
604 1152 683 1225 quoe
708 1126 935 1198 humanitatis
960 1141 1042 1198 sunt
1074 1125 1215 1227 propria
1240 1123 1372 1216 soliuS,

387 1235 528 1308 Christo
552 1235 628 1308 Deo
654 1234 834 1308 tamenin
859 1252 1024 1309 concreto
1050 1251 1111 1308 aut
1135 1236 1270 1308 ratione
1295 1259 1372 1334 per·

385 1339 576 1450 sonalitatis
593 1343 873 1446 appropriantur.
890 1344 987 1442 Ergo
1004 1343 1143 1417 admitti
1160 1343 1266 1417 debet
1283 1358 1369 1414 etc.

433 1450 539 1526 Proh.
566 1453 604 1526 2⁰
630 1479 679 1528 ex,
699 1456 905 1526 auctoritate
930 1457 1091 1528 omnium
1116 1457 1176 1528 SS.
1200 1457 1369 1544 Patrum,

384 1559 445 1666 qui
470 1561 561 1636 hanc
585 1562 623 1634 in
649 1561 789 1636 Christo
814 1565 1169 1638 communicationem
1203 1564 1269 1636 rite
1293 1561 1367 1632 fieri
1458 1629 1459 1648 ,

384 1697 427 1752 ac
450 1671 526 1748 dari
550 1678 695 1768 revera,
719 1663 877 1750 unammi
906 1705 1046 1752 assensu
1080 1679 1291 1751 confirmant
1322 1701 1368 1746 ex
1458 1673 1459 1704 ³

317 1783 321 1794 '
384 1800 554 1859 contextu
579 1803 617 1858 et
636 1785 746 1880 modo
762 1787 931 1887 loquendi
949 1790 1219 1890 scripturarum.
1236 1786 1366 1878 Audia-

385 1895 444 1970 tur
469 1896 570 1970 unus
584 1893 661 1972 Leo'
684 1899 756 1991 tt,
781 1901 841 1998 qui
866 1901 1103 1973 sanctissimus
1119 1899 1285 1973 Ecclesiae
1304 1901 1367 1971 Pa·

384 2005 460 2078 s't'or
484 2011 521 2078 et
545 2007 678 2080 Doctor
703 2009 803 2108 epist
829 2009 874 2080 ad
898 2009 1125 2103 Flavianum,
1149 2011 1293 2108 hujusce
1318 2033 1368 2080 sa·

384 2115 438 2185 cri
463 2113 638 2214 dogmatis
655 2119 1026 2195 communicationisve
1043 2117 1250 2192 idiomatum
1264 2117 1367 2189 ratio·

385 2246 469 2296 nem
495 2227 662 2320 afferens,
687 2229 756 2300 ait:
774 2245 923 2327 propter
946 2233 1120 2303 ursinum
1142 2255 1301 2328 personae
1328 2232 1366 2300 in

382 2344 532 2430 nimqtte
556 2350 688 2407 nutura
713 2338 1005 2434 intelligendum,
1030 2354 1064 2412 et
1076 2339 1182 2433 filins
1208 2337 1365 2410 hominis

385 2439 514 2536 legitur
536 2444 752 2548 descendisse
777 2448 820 2520 de
839 2448 950 2538 Coelo,
967 2473 1051 2524 cnm
1069 2449 1187 2523 Filius
1204 2451 1273 2522 Dei
1289 2475 1366 2522 car·

381 2575 467 2644 nem
490 2555 533 2631 de
549 2582 591 2630 ea
612 2557 774 2656 Virgine,
799 2561 842 2634 de
865 2587 938 2660 quo
964 2577 1015 2634 est
1036 2576 1155 2649 natus,
1171 2587 1365 2659 assumpse-

382 2667 444 2756 rit,·
468 2683 503 2740 et
528 2693 650 2755 narsus
676 2671 793 2746 Filius
818 2675 889 2746 Dei
914 2673 1114 2766 crucifixus
1131 2699 1175 2746 oe
1190 2675 1363 2770 sepultus,

382 2799 469 2874 cum
485 2774 563 2848 boec
580 2804 654 2850 non
671 2781 710 2850 in
726 2781 906 2854 divinitate
932 2784 1007 2880 ipsa
1020 2834 1049 2854 ..
1062 2835 1095 2854 ..
1120 2782 1182 2854 sed
1206 2785 1243 2853 in
1261 2797 1364 2852 natu·

384 2907 433 2956 roe
451 2883 628 2960 'hnmano
653 2891 699 2960 sit
723 2890 927 2981 infirmitate
947 2915 1145 2989 perpessus,
1166 2889 1261 2962 unde
1282 2889 1364 2964 Uni-

380 2998 542 3090 genitum
567 2999 706 3072 Filium
722 3003 793 3076 Dei
809 3002 1030 3098 crucifixum
1047 3018 1081 3074 ct
1096 3001 1274 3100 sepultum
1289 3025 1362 3075 om·

382 3121 445 3196 nes
469 3109 578 3180 etiam
603 3111 641 3180 in
667 3111 830 3208 symbolo
856 3111 1082 3201 confitemur,
1107 3111 1307 3184 secundnm
1327 3111 1364 3182 ii

381 3217 446 3291 lud
469 3219 645 3315 Apostoli,
657 3221 707 3294 ¹nd
733 3224 914 3313 Corintlu,
937 3223 978 3295 Si
993 3226 1091 3294 enim
1107 3225 1363 3318 cognovissent,

351 3331 354 3338 ’
380 3350 569 3424 nunqnam
593 3331 797 3403 Dominum
819 3332 940 3426 glorie
962 3329 1236 3425 crucifixissent.

413 3434 534 3538 Proh.
555 3463 596 3510 ac
611 3437 802 3510 illustratur
821 3439 859 3508 3⁰
875 3438 1026 3510 hominis
1044 3435 1216 3536 exempln
1233 3436 1365 3508 Rectis-

382 3546 468 3650 sime
494 3545 561 3620 dici
587 3563 714 3648 potest,
740 3546 848 3621 homo
875 3564 927 3622 est
951 3572 1153 3646 corporeus,
1170 3545 1277 3620 homo
1296 3551 1363 3644 spi·

381 3659 517 3741 ritualis
541 3676 605 3747 est,
630 3660 786 3758 itemque
813 3660 994 3733 rationalis
1012 3662 1082 3732 sive
1099 3659 1290 3757 spiritualis
1311 3672 1362 3730 est

380 3794 567 3868 corporeus
593 3787 629 3842 et
654 3771 730 3844 vice
760 3798 871 3865 versa,
898 3800 940 3846 eo
966 3769 1062 3870 quod
1086 3773 1140 3844 hoe
1166 3770 1246 3842 duae
1272 3795 1360 3868 prae-
1404 3792 1406 3794 ’

381 3876 569 3952 dicatiouos
596 3879 744 3952 efferunt
769 3880 820 3953 nil
845 3880 950 3975 aliud,
976 3906 1082 3980 quam
1108 3880 1136 3952 si
1163 3877 1358 3952 diceretur:
