2942 4962
396 500 468 571 180
651 518 711 564 tu.
736 515 769 562 1v
796 513 962 562 srcrroms
988 516 1009 562 v
1035 512 1063 561 c.
1090 517 1103 562 1

394 629 582 702 sorumque
610 602 792 673 hominum
818 601 867 668 uti
894 599 1060 694 Princeps
1085 600 1230 694 Regum
1250 612 1361 684 temer,

391 715 524 814 potitus
549 708 691 811 spiritali
716 733 843 806 regno,
862 733 904 777 ex
922 733 991 802 quo
1017 706 1132 806 potuit
1157 719 1280 804 utpote
1301 707 1362 776 Le·

390 825 531 924 gislator
546 836 583 893 et
606 822 681 893 Rex
696 819 875 896 instituere
894 817 1126 907 Sacramenta,
1143 814 1233 886 ferre
1250 813 1361 915 leges,

391 951 427 1006 et
450 959 566 1006 creare
591 929 757 1002 Ecclesiae
782 925 1012 1023 Magistratus,
1037 948 1229 1022 omnesque
1246 923 1364 1012 homi

388 1071 453 1127 nes
469 1043 513 1116 ad
529 1065 663 1114 morem
680 1036 872 1136 gerendum
890 1034 1044 1133 adigere:
1071 1036 1118 1106 ita
1135 1035 1264 1134 pariter
1280 1059 1360 1106 con·

390 1137 530 1226 sumum
555 1163 605 1222 est
620 1173 644 1218 α
660 1149 736 1218 Deo
755 1143 881 1217 Judecc
899 1145 1056 1214 vivorum
1073 1158 1107 1214 et
1122 1157 1360 1228 mortuorum,

389 1259 485 1332 nullo
498 1259 643 1357 dempto
662 1280 704 1326 ex
720 1251 929 1344 hominihus3
942 1253 980 1322 in
998 1277 1085 1350 quos
1102 1250 1244 1349 quidem
1257 1275 1363 1322 suum

389 1349 457 1440 hoc
477 1366 603 1467 judicis
627 1364 780 1436 officium
801 1379 949 1454 exercet,
966 1388 1048 1435 nam
1065 1363 1113 1440 ait
1129 1361 1251 1461 Apost.
1268 1361 1363 1433 Gen-

389 1480 491 1565 tium,
508 1502 630 1550 omues
656 1500 720 1546 nos
747 1474 971 1569 manyeumt
992 1487 1126 1569 oportet
1149 1487 1230 1544 ante
1252 1469 1361 1568 tribra-

389 1591 452 1660 nul
478 1588 618 1662 Christi.
645 1584 714 1656 Sed
739 1583 783 1656 de
809 1585 862 1655 his
883 1583 976 1654 nulla
995 1583 1185 1656 difficultas.
1202 1581 1296 1654 Audi
1311 1583 1360 1653 in-

389 1714 483 1770 terea
507 1696 753 1770 Tridentinum
780 1695 869 1764 Sess.
897 1696 917 1766 6
945 1719 1019 1773 can.
1048 1694 1086 1764 tt
1109 1719 1117 1763 :
1144 1695 1175 1765 si
1198 1694 1276 1790 quis
1310 1691 1360 1762 di·

389 1811 499 1892 xerit,
526 1803 590 1877 Gk.
615 1805 741 1875 Jesum
758 1829 780 1872 α
799 1804 874 1876 Deo
902 1801 1106 1874 homiuibus
1123 1801 1249 1872 dutum
1260 1803 1359 1897 fiiis·

388 1945 424 1992 se
450 1931 489 1988 ut
513 1914 807 2011 Redemptorem,
832 1913 893 1982 cui
905 1911 1053 2005 fidunt,
1078 1935 1153 1982 nou
1187 1913 1293 1981 etium
1319 1924 1360 1980 ut

387 2025 654 2122 Legislutorem,
672 2023 732 2094 cui
748 2019 929 2107 obediant,
946 2019 1137 2092 anatliema
1154 2023 1207 2092 sit
1227 2023 1265 2091 2⁰
1281 2018 1358 2090 fluit

388 2160 431 2205 ex
457 2129 581 2202 eodem
607 2129 665 2200 illo
691 2128 891 2200 Mediatoris
916 2129 1029 2202 officio
1048 2128 1176 2200 Christi
1194 2127 1358 2204 Sacerdoe

387 2242 477 2310 tium
503 2239 671 2334 hujusque
696 2237 955 2334 magisterium,
981 2251 1016 2307 et
1040 2263 1169 2308 munus
1198 2262 1280 2308 cum
1304 2237 1374 2307 his*

379 2344 654 2444 propheticum:
688 2344 793 2415 fidem
828 2347 1007 2418 enimvero
1041 2344 1172 2417 faciunt
1205 2344 1359 2438 divinam

386 2455 488 2529 afflati
514 2455 679 2526 divinitus
697 2457 903 2554 Scriptores,
920 2457 1126 2552 Magistrum
1151 2457 1359 2528 maximum·

386 2594 454 2667 que
479 2568 714 2665 Prophetam,
739 2592 780 2638 ac
804 2592 885 2640 vere
912 2567 1137 2648 Sacerdotem
1163 2585 1222 2640 aut
1244 2569 1358 2642 Ponti-

387 2679 488 2748 ficem
515 2700 587 2745 esse
614 2675 804 2767 Christum,
830 2691 952 2776 utpote
978 2679 1039 2775 qui
1065 2680 1222 2752 universa
1239 2680 1359 2750 munia

386 2786 459 2858 veri
484 2784 646 2856 Doctoris
671 2801 707 2855 et
731 2785 914 2883 Prophetae
931 2812 971 2857 ac
989 2785 1183 2858 Sacerdotis
1195 2787 1359 2886 explevit,

387 2885 504 2996 qualia*
526 2897 722 2997 praesertim
748 2912 830 2968 sunt
845 2897 994 2997 populos
1011 2896 1134 2968 docere
1151 2898 1217 2969 Dei
1233 2898 1361 2996 legem,

388 3010 437 3078 eis
462 3009 695 3109 praenuntiare
722 3006 848 3099 futura,
873 3033 1064 3106 eorumque
1082 3007 1126 3078 ad
1142 3010 1257 3080 Deum
1282 3035 1361 3109 pre-

388 3145 446 3190 ces
472 3146 512 3192 ac
537 3135 618 3192 vota
643 3117 797 3219 perferre
823 3135 858 3191 et
883 3146 948 3219 pro
974 3121 1059 3220 ipsis
1076 3147 1185 3211 orare,
1202 3136 1307 3218 atque
1324 3120 1362 3191 il:

386 3224 448 3296 lud
473 3228 648 3316 maxime,
673 3252 743 3322 quo
768 3229 821 3318 is,
848 3254 867 3298 a
892 3228 968 3298 Deo
1003 3228 1234 3319 constitutus,
1255 3228 1363 3320 offert

387 3336 551 3406 sacrificia
576 3360 641 3433 pro
666 3337 828 3432 peccatis.
852 3335 955 3408 Unde
982 3338 1151 3428 Christus,
1176 3338 1236 3434 qui
1261 3363 1304 3407 ex
1335 3339 1362 3410 5

388 3439 432 3511 ad
458 3441 562 3512 Hebr.
588 3466 662 3513 non
687 3444 911 3538 semetipsum
935 3444 1153 3541 clarificavit,
1179 3459 1218 3514 ut
1243 3444 1363 3515 Ponti·
1461 3521 1462 3538 ,

375 3555 456 3644 sex
469 3549 589 3646 steret,
613 3564 741 3649 praeter
754 3541 829 3620 ¹alia
855 3548 1048 3622 Sacerdotis
1074 3549 1195 3643 officia,
1211 3577 1254 3622 ex
1274 3550 1295 3623 5
1314 3567 1362 3622 et-

389 3661 459 3730 iam
485 3660 528 3732 ad
552 3663 643 3760 Eph.
669 3659 809 3732 tradidit
833 3663 1056 3760 semetipsum
1081 3660 1296 3736 oblationem
1324 3679 1361 3734 et

389 3769 541 3844 hostium
575 3773 650 3844 Deo
676 3775 712 3843 in
742 3769 886 3845 odorem
918 3774 1113 3845 suauitatis.
1148 3774 1214 3846 Est
1247 3798 1360 3865 vero,
1427 3809 1429 3813 ·
