2942 4962
319 684 322 688 ⁵
357 701 806 822 APPENDIX

272 1009 325 1079 De
350 1009 446 1076 calm
472 985 645 1077 caristie
669 1006 898 1090 Sanctorum,

196 1249 216 1306 ς
329 1220 566 1310 reliquiarum
590 1234 620 1285 et
642 1221 852 1307 Imaqimrm.

160 1748 297 1847 Cultus
323 1758 391 1830 hoc
415 1757 483 1829 loci
510 1783 581 1830 non
607 1759 786 1831 mundum
803 1758 1013 1831 muliebrem
1040 1764 1081 1832 si·

99 1864 257 1962 gnificat,
269 1883 376 1964 prout
389 1864 482 1966 apud
497 1866 766 1960 Tertullianum,
778 1893 844 1939 nec
856 1868 937 1940 vitae
956 1867 1081 1944 victus-

5 2025 6 2076 3
100 2006 171 2078 que
197 1983 369 2056 rationem
403 1999 439 2054 et
464 2001 696 2086 apparatum,
723 2003 763 2057 ut
789 1985 883 2086 apud
915 1988 1081 2078 Latin0s3

5 2125 6 2158 r
102 2089 165 2162 sed
191 2089 228 2162 id
240 2092 374 2192 ‚nquod
399 2094 533 2166 Tullius
559 2098 765 2195 significavit
790 2099 827 2167 in
853 2097 1082 2188 Tusculanis,

104 2201 208 2298 ajens‚
228 2198 483 2300 philosophia,
508 2209 692 2278 inventum
718 2207 914 2294 Deorum,⁸
927 2232 991 2279 nos
1013 2211 1082 2304 pri·

5 2301 7 2330 ³
107 2335 210 2382 mum
234 2312 283 2382 ad
307 2311 452 2385 illorum
485 2311 624 2387 cultam
652 2315 823 2387 erudivit:
850 2341 920 2414 quo
935 2315 1083 2388 'scilicet

103 2447 208 2493 sensu
233 2421 328 2494 idem
356 2441 409 2524 eet
435 2451 476 2498 ac
500 2426 686 2516 adoratio,
712 2429 761 2500 sie
788 2426 880 2500 dicta
907 2450 950 2498 ex
980 2429 1082 2526 signo

5 2535 6 2565 ³
39 2599 43 2607 ,
101 2535 264 2607 exteriori
282 2561 406 2606 manus
419 2535 467 2606 ad
481 2551 520 2607 οε·
534 2537 685 2610 admotae
705 2539 789 2611 alios'
805 2538 994 2614 venerandi
1011 2531 1082 2636 gia·

101 2644 161 2736 tia,
186 2645 282 2742 quod
307 2661 343 2716 et
366 2647 468 2746 pueri
493 2645 633 2718 iaciunt.
651 2650 777 2737 Quoad
793 2677 858 2722 nos
874 2653 991 2747 itaque
1010 2675 1081 2747 spe·

100 2770 184 2847 ctat,
201 2755 438 2830 adorationem
464 2784 525 2828 seu
547 2755 685 2830 'cultum
710 2761 758 2830 ita
776 2759 977 2832 scholastice
999 2759 1081 2831 defi·

99 2867 197 2938 nias:
223 2870 313 2941 actio
339 2883 392 2939 est
416 2867 613 2941 intellectus
647 2867 939 2968 apprehendentis
974 2867 1082 2940 excel·

99 2975 243 3052 lentiam
254 2979 407 3079 alicujus,
420 2978 592 3078 simulque
609 2978 904 3052 actio'voluntatis
925 2994 1081 3055 nostram

6 3149 7 3152 ,
99 3093 330 3164 reverentiam
356 3099 503 3191 propter
528 3089 771 3163 excellentiam
800 3091 929 3190 i'psam‘
944 3107 1005 3164 aut
1033 3095 1081 3165 in·

100 3217 199 3274 terne
225 3202 450 3302 protestantis
475 3216 535 3274 aut
561 3218 704 3274 externe
731 3202 837 3272 etiam
862 3199 1081 3294 'exhibentis3

6 3317 7 3356 ³
100 3313 154 3382 uti
170 3337 253 3384 cum
270 3309 515 3383 Occidentales
531 3319 665 3385 retec'to
683 3309 880 3410 inflexoque
898 3311 1021 3413 capite,
1038 3338 1102 3412 ⁰⁰„

101 3438 220 3493 autem
254 3435 420 3520 cooperto
455 3421 649 3495 Orientales
679 3421 844 3495 adorant.¹⁴
866 3420 988 3494 Cultus
1023 3419 1081 3496 hic

104 3555 164 3600 seu
183 3529 353 3627 politicus
380 3535 443 3620 est,
477 3556 537 3602 seu
564 3530 765 3631 religiosus:
792 3545 828 3602 et
852 3529 909 3616 ille
936 3528 1081 3630 quidem

100 3662 182 3708 curn
207 3653 393 3736 praestatur
410 3637 522 3730 alicui,
547 3641 698 3740 principi
716 3666 768 3710 ex.
787 3665 836 3737 gr.
854 3653 914 3710 aut
931 3637 1082 3738 praesidi,

102 3743 149 3816 ob
173 3745 368 3819 naturalem
399 3747 552 3845 aliquam
583 3765 619 3819 et
644 3749 783 3822 civilem
817 3745 1081 3835 excellentiam

102 3856 188 3928 alter
213 3873 340 3952 autem,
358 3858 479 3958 quioh
496 3861 736 3935 excellentiam
755 3873 938 3961 praestatur
962 3879 1080 3958 super·

102 3965 297 4042 naturalem
323 3985 383 4042 aut
409 3968 572 4046 divinam.
689 3959 692 3967 “
