2908 4962
99 593 101 596 .
191 487 236 566 ¹on
252 521 383 570 unionis
399 523 562 569 arnum.
579 522 619 570 aa
636 523 910 574 rnoearemrnus
968 505 1006 578 ll
1020 509 1045 578 1·
1113 541 1117 554 ·

73 611 201 700 fictitia,
225 635 297 682 non
324 608 447 698 fucata,
472 633 542 679 non
569 607 773 699 umbratilis,
800 611 860 682 sed
886 613 1041 712 physica,

75 744 155 792 vera
181 744 221 790 ac
246 715 347 791 realis
372 719 499 789 extitit.
516 717 621 806 Quod
638 721 666 790 si
688 723 850 794 naturale
876 723 1047 822 accipias,

73 845 178 934 prout
194 845 296 901 sonat
312 831 549 902 necessarium
563 843 630 898 aut
639 845 775 902 nature
789 830 966 904 debitum:
989 859 1048 904 naa

69 940 217 1014 turalem
243 960 316 1012 non
342 966 416 1011 esse
434 955 570 1012 constat
595 941 761 1012 unionem
777 943 1045 1041 hypostaticam,

70 1079 146 1150 quae
173 1049 281 1124 libera
307 1050 374 1122 suit
399 1065 475 1122 tum
502 1078 545 1122 ex
571 1065 670 1149 parte
687 1051 752 1120 Dei
772 1051 975 1124 eamlibere
993 1051 1046 1124 de·

71 1162 255 1254 cernentis,
281 1177 359 1232 tum
377 1187 420 1231 ex
436 1175 534 1260 parte
553 1159 682 1232 Christi
703 1161 925 1259 acceptantis,
950 1159 1046 1232 obla·

69 1287 123 1342 uu
150 1286 201 1342 est
226 1273 337 1356 enim,
363 1272 446 1368 qiua
465 1270 591 1358 voluit;
609 1261 757 1366 quaeque
776 1270 1045 1370 supernaturalis

68 1398 119 1454 est
144 1383 273 1455 intuitu
299 1387 486 1481 assumptae
511 1383 655 1474 naturae,
673 1399 709 1454 et
727 1383 903 1482 potissima
927 1387 1046 1484 gratia·

68 1521 159 1586 rum,
184 1492 288 1564 nullis
313 1495 475 1565 humanis
499 1495 632 1567 meritis
655 1494 779 1587 debita,
796 1493 968 1600 longeque
995 1521 1047 1568 su·

66 1620 193 1704 perant
220 1630 363 1703 omnem
389 1619 522 1677 naturae
545 1606 764 1702 exigentiam.
791 1605 876 1676 Esse
903 1606 1053 1677 ulterius

67 1715 229 1786 omnium
251 1715 456 1784 maximam
474 1729 575 1812 patet
591 1740 663 1785 non
680 1741 753 1786 esse
770 1713 826 1784 illa
845 1714 955 1788 solum
977 1729 1047 1786 tam
1101 1749 1105 1761 ·

65 1822 137 1894 alte
163 1823 350 1922 praedicata
378 1824 574 1896 aPatribus
592 1826 782 1897 arctissima
804 1821 1054 1926 praecellentis·

66 1934 224 2030 simaque
251 1935 507 2030 conjunctione,
533 1950 568 2004 at
594 1961 733 2032 quoque
754 1937 828 2035 jam
858 1961 902 2006 ex
936 1949 1047 2004 extre·

64 2065 208 2114 morum
235 2041 369 2112 infinita
395 2040 604 2133 diversitate,
624 2045 698 2142 jam
725 2070 768 2115 ex
793 2045 963 2116 immensa
996 2041 1046 2114 di-

7 2199 8 2204 η
66 2147 199 2244 gnitate
225 2147 344 2241 Verbi,
369 2165 511 2246 tamque
530 2151 597 2222 alta
614 2151 804 2224 elevatione
822 2168 956 2223 naturae
982 2151 1053 2221 hue

65 2285 203 2352 manae,
230 2277 291 2352 ut,
317 2287 386 2359 quo
412 2262 630 2334 attolleretur
644 2264 768 2352 altius,
793 2289 867 2336 raon
893 2261 1045 2334 haberet
1115 2291 1117 2294 ·

66 2371 227 2468 Denique
263 2372 542 2446 indissolubilem
577 2373 793 2447 affirmamus
822 2374 1047 2476 humanitatis

67 2509 151 2555 eum
176 2483 292 2556 Verbo
319 2486 611 2584 conjunctionem,
645 2489 693 2566 sie
719 2503 758 2558 ut
790 2486 949 2560 Verbum
982 2513 1048 2561 uec

66 2593 258 2666 deseruerit
283 2596 547 2686 humanitatem,
573 2622 639 2668 nec
664 2595 885 2672 deserturum
915 2597 959 2682 sit
989 2615 1059 2666 tin-³

66 2731 172 2799 qoam
184 2711 298 2824 ³41⁰oe
324 2731 390 2796 res,
407 2705 500 2776 -fulta
526 2704 650 2777 divinis
674 2705 827 2791 Litteris,
852 2701 911 2773 ubi
948 2698 1047 2776 Chri-

65 2828 164 2886 stum
190 2839 333 2892 manere
359 2816 396 2884 in
418 2804 608 2898 'aeternam
626 2813 765 2910 ejusque
783 2827 953 2884 aeternum
970 2807 1044 2881 sore
1078 2821 1080 2826 ’

66 2947 217 3022 regnum
244 2939 485 3020 aeternumque
512 2919 755 3011 sacerdotium,
785 2917 907 2990 crebro
942 2915 1046 2990 deno·

67 3048 174 3123 tatur,
199 3033 326 3104 veritas
351 3049 405 3104 est
422 3031 506 3106 (idei
517 3045 642 3106 aotam
660 3030 822 3112 haeresim
840 3027 1046 3126 aliquorum,

68 3141 225 3231 nornine,
241 3167 259 3211 a
278 3167 364 3216 νοω
390 3141 549 3216 Christos
564 3157 604 3212 et
630 3140 805 3227 ttuvsolm,
817 3134 1048 3238 Ἰ111π19161φ1ιμ

67 3278 160 3346 ruru3
180 3254 246 3349 ,qui
272 3255 451 3326 Christum
477 3270 557 3353 post
582 3273 679 3324 suam
705 3250 941 3322 ascensionem
976 3275 1059 3356 ceryx

68 3388 112 3432 ne
126 3387 164 3434 se
179 3363 316 3434 exuisse
330 3361 558 3459 nugabantnr3
572 3379 608 3434 et
621 3360 773 3435 Marcelli
787 3360 974 3457 Ancyrani,
987 3361 1048 3456 qui

69 3472 206 3562 effutiit,
224 3499 305 3544 eum
323 3489 404 3571 post
416 3471 590 3572 judicium
607 3469 708 3543 finale
735 3495 834 3542 suam
856 3468 1049 3540 humanita-

68 3595 143 3650 tem
162 3605 235 3651 esse
254 3572 506 3680 depositurum,
520 3597 555 3652 et
572 3607 720 3680 regnum
739 3601 840 3652 suum
856 3579 951 3651 Patri
970 3579 1050 3649 resi·

71 3706 271 3789 gnatumm.
290 3691 307 3724 *

112 3920 119 3935 ⁶
138 3918 239 3988 insuper
255 3921 364 3970 orrannum
381 3919 499 3970 fidelium
510 3923 638 3972 comasio
649 3928 695 3985 est,
707 3923 817 3987 quanvis
829 3937 879 3984 uon
890 3927 962 3981 extet¹
971 3916 1051 3968 Eccle-
