2908 4962
420 493 463 543 us
488 494 591 542 umus
616 493 747 544 cunum
1000 471 1072 544 143

13 597 31 671 i}
145 586 184 657 2¹
208 593 289 684 pars
315 577 481 652 adversus
507 579 773 680 Appollinarem
809 577 973 652 suadetur
1006 583 1074 654 evi.-

12 739 32 782 n
89 693 298 768 deotissime
325 717 408 765 oum
434 717 478 763 ex
502 717 572 780 eo,
598 690 695 790 quod
720 693 835 762 anima
870 693 999 766 Christi
1025 694 1076 766 in·

12 852 29 893 fl·
84 804 277 896 tellexerit,
301 817 343 873 ut
367 802 412 874 Is
440 800 487 874 52
505 797 778 901 praeiudicatur,
808 825 889 874 ecce
907 802 1076 899 intelliget

17 965 22 992 ,ν
86 914 223 987 Servus
248 937 365 999 meus,
390 911 543 1003 Messias3
561 936 667 1012 super
684 935 791 1010 quem
809 912 982 1008 requievit
1002 912 1077 1012 spi·

11 1077 27 1117 4
86 1026 181 1098 ritus
197 1024 355 1116 Domini,
368 1023 511 1123 spiritus
527 1023 715 1125 sapientise,
731 1022 930 1097 intellectus
942 1038 979 1096 et
995 1049 1077 1097 oon·

11 1185 21 1226 χ
84 1137 178 1210 sitii:
204 1151 283 1208 tum
308 1162 354 1208 ex
371 1161 414 1208 eo
431 1136 530 1228 item,
547 1134 644 1234 quod
661 1137 777 1209 anima
802 1135 999 1238 perfectum
1014 1137 1077 1208 ho·

11 1297 18 1337 p
84 1245 227 1316 minem
252 1244 468 1336 constituat,
492 1271 559 1317 nec
583 1244 622 1318 id
647 1245 762 1318 anima
792 1247 867 1318 sine
892 1261 1013 1318 mente
1039 1260 1076 1324 et

10 1409 23 1448 r
83 1357 225 1428 ratione
250 1369 419 1456 prestet:
446 1370 522 1428 tum
550 1357 672 1450 etiem,
699 1355 795 1455 quod
820 1358 982 1430 Christus
1006 1381 1078 1432 ora·

82 1464 189 1556 verit,
201 1464 313 1536 oratio
326 1479 446 1536 autem
463 1467 509 1537 sit
526 1482 624 1540 actus
641 1468 771 1540 mentis
788 1469 963 1560 humanae3
981 1463 1078 1564 quod

10 1589 14 1632 ἱ
83 1572 242 1672 denique
254 1575 433 1674 passiones
450 1578 621 1649 humanas
641 1593 806 1677 expertus
824 1579 881 1668 sit,
899 1573 1077 1674 gaudium,

10 1697 12 1738 ὲ
87 1682 283 1775 tristitiem,
306 1681 455 1776 metum,
472 1683 571 1777 itam,
589 1685 766 1758 ordinatas
782 1682 927 1784 quidem
944 1709 1012 1756 neo
1027 1683 1079 1756 ul·

84 1791 126 1864 lo
153 1809 257 1892 pacto
282 1793 449 1868 effrenes:
475 1812 512 1868 at
537 1797 709 1896 ejusmodi
734 1797 914 1898 passiones
931 1811 1014 1866 sunt
1029 1820 1078 1866 ra·

14 1963 18 2002 :
87 1901 234 1974 tionalis
258 1904 458 1978 affectiones
483 1907 628 1999 animae,
654 1909 789 2007 quippe
814 1932 856 1978 ex
882 1903 1077 2005 perceptio

12 2107 14 2113 ι
84 2035 136 2082 ne
152 2007 238 2084 boni
254 2014 440 2112 praesentis
456 2013 512 2089 vel
529 2013 611 2086 mali
627 2015 845 2087 imminentis
862 2011 1076 2084 excitanturt

8 2187 16 2227 ᾖ
87 2147 178 2221 ergo
204 2123 361 2196 Verbum
387 2127 608 2199 incarnatum
633 2129 787 2199 animam
813 2139 933 2198 mente
953 2121 1078 2225 predo

8 2297 12 2336 s
86 2245 164 2302 tam
190 2231 397 2335 adsumpsit,
423 2237 597 2335 simulque
626 2239 670 2311 iis
700 2234 943 2310 affectionibus
967 2249 1004 2307 et
1029 2232 1077 2305 sa·

7 2409 13 2450 Ξ
87 2340 277 2417 cultatibus
302 2347 536 2442 instructam,
561 2375 640 2448 quae
666 2376 710 2422 ex
735 2347 978 2450 Psychologioe
1013 2344 1077 2418 ele·

87 2455 221 2526 mentis
244 2481 323 2527 eam
339 2474 469 2530 nostrae
487 2459 691 2532 naturaliter
708 2459 859 2532 similem
876 2454 1078 2530 ostendunt.

7 2555 10 2666 Ἰ
144 2559 368 2658 Objieiebunt
393 2567 499 2638 Arius
524 2585 561 2640 et
585 2568 846 2669 Appolliuarius
863 2563 949 2637 illud
974 2565 1077 2636 Joan-

88 2671 160 2764 nis,
189 2673 350 2750 Verbum
377 2703 461 2751 earo
475 2679 629 2776 suetum
653 2696 718 2768 est,
738 2682 775 2751 in
802 2701 872 2776 quo
888 2675 967 2748 illos
984 2699 1078 2746 erro·

87 2783 140 2854 ris
170 2787 222 2857 sui
255 2814 371 2862 arcem
407 2792 514 2864 stulte
544 2793 726 2892 posuisse,
752 2807 852 2862 notat
886 2787 1078 2885 Angeiicus

88 2892 152 2966 lib.
178 2899 203 2968 4
229 2924 259 2970 c.
286 2900 429 2972 Gentes.
456 2901 509 2974 Ibi
534 2901 628 2972 nulla
646 2902 686 2972 fit
707 2924 869 3000 expressa
895 2895 1027 2967 mentio
1044 2919 1079 2963 a·

88 3009 212 3100 nimae,
228 3028 288 3084 aut
304 3015 467 3088 humanae
485 3015 632 3087 mentis:
660 3039 744 3112 ergo
762 3027 848 3083 ete..
873 3004 1078 3107 Respondet

89 3119 189 3191 inani
214 3124 296 3196 huic
314 3127 513 3226 exceptioni
531 3127 566 3197 S.
584 3125 802 3224 Augustinus
820 3148 873 3221 ep.
895 3120 989 3193 tto:
1008 3141 1080 3188 mo·

94 3254 132 3299 re
157 3255 223 3302 suo
251 3232 463 3332 Scriptura,
488 3252 528 3306 nt
556 3234 688 3309 Christi
725 3233 965 3306 humilitatem
1003 3253 1079 3300 mn·

89 3340 146 3434 gis
171 3341 379 3430 ostenderet,
405 3369 450 3415 ne
476 3347 594 3418 curnis
616 3371 747 3418 nomen
765 3345 868 3444 quusi
891 3339 1079 3438 indignum

92 3447 232 3546 aliquid
257 3451 425 3548 refugisse
452 3454 643 3542 videretur,
669 3481 817 3528 carnem
839 3477 905 3551 pro
932 3447 1079 3521 homine

84 3561 277 3658 posuit,·(
290 3577 325 3632 et
351 3565 441 3636 hane
467 3563 513 3637 oh
539 3591 704 3655 causam,
730 3581 835 3662 atque
861 3559 906 3632 ad
930 3559 995 3630 Dei
1020 3581 1079 3657 po

93 3669 242 3740 tentiam
268 3673 378 3770 magis
403 3665 906 3748 ostendendam'OEconomia
930 3668 996 3740 Dei
1020 3669 1079 3738 ho·

94 3776 201 3848 minis
227 3778 308 3852 sacti
335 3783 442 3882 vulgo
468 3788 675 3856 Incurrtntio
706 3785 834 3883 potius,
859 3803 964 3878 quam
991 3777 1079 3848 Ant·

96 3891 207 3961 nenio
234 3890 303 3966 dici
330 3898 555 3992 cousuevit);
582 3921 647 3968 nec
673 3896 784 3981 ert-im,
810 3890 926 3993 pergit
951 3888 985 3957 S·
1011 3886 1077 3956 Do·
