2942 4962
229 510 273 561 ou
291 509 813 576 cutruenmsrrarss.‚1trtro.
831 514 873 560 er
892 515 940 561 m.
1009 493 1080 563 atto

114 601 118 610 '
150 599 206 668 Ex
231 598 329 668 hisce
353 597 546 668 momentis
571 593 745 686 omnibus,
762 611 798 667 et
814 599 969 696 insuper,
993 601 1090 698 prae·

101 723 158 778 ter
184 732 235 797 ea,
260 731 340 806 quae
366 705 482 804 primo
508 705 544 774 iu
569 702 645 775 Lib.
673 705 873 801 tetigimus,
897 733 942 778 ex
967 708 1082 782 Exodi

104 817 164 909 32,
189 815 257 888 Job
294 815 340 888 30
368 832 414 907 ct
430 816 490 903 tt,
516 813 560 886 ad
586 816 686 886 Rom.
715 814 760 887 15
775 871 785 905 ‚
812 831 914 912 atque
940 817 1076 890 erCou·

100 927 208 1019 ciliis,
233 925 407 1025 (Missalia
434 923 565 997 addens
583 941 618 996 et
636 925 907 998 sacramentaria
920 929 953 1024 ),
975 927 1081 1002 Patri·

100 1035 236 1133 busque
260 1033 448 1108 concludes
474 1051 594 1110 contra
621 1033 733 1108 dictos
764 1037 958 1126 sectarios,
989 1065 1079 1137 quos

101 1147 267 1220 sectarius
290 1147 364 1245 ipse
389 1148 599 1234 Protestaus‚
624 1146 795 1238 Leibnitz,
817 1172 898 1218 cum
928 1148 1083 1224 Stoiclio

104 1255 250 1352 aliisque
268 1253 363 1353 apud
380 1255 571 1350 urslingen,
588 1257 740 1351 ingenue
759 1255 917 1346 revincit,
933 1257 970 1326 in
990 1258 1084 1356 Syst.
1125 1337 1127 1346 ,

110 1359 341 1458 Theologico,
366 1386 438 1432 non
464 1361 560 1434 nelos
577 1387 651 1433 esse
669 1387 735 1434 nec
753 1363 893 1434 Christo
918 1363 1086 1462 injurium

104 1471 301 1563 Mediatori,
326 1497 393 1542 nec
417 1499 548 1544 vanum
565 1487 625 1544 aut
640 1472 910 1566 infructuosum,
933 1499 1090 1575 compre·

101 1582 272 1655 hensores
297 1608 420 1656 omnes
446 1584 668 1681 maximeque
696 1583 884 1682 Deiparam
920 1599 1094 1684 tanquam.

102 1692 317 1768 mediatores
343 1692 566 1769 secundarios
590 1721 610 1766 a
636 1694 737 1767 nobis
767 1687 944 1783 inruenti,
970 1695 1018 1766 ita
1049 1697 1086 1776 iu

103 1801 239 1876 mundo
264 1804 332 1876 hoc
347 1803 549 1876 ineuntibus
566 1803 700 1878 coelesti
726 1829 807 1876 cum
826 1803 961 1876 mundo
982 1807 1087 1886 socie·

7 1913 8 1918 ’
101 1930 224 2005 tatem3
250 1915 362 1986 immo
386 1913 423 1985 id
439 1940 610 2014 perquam
628 1913 760 1986 utiliter
777 1913 821 1985 ab
838 1913 994 1988 Ecclesia
1012 1941 1086 1988 esse

100 2041 338 2127 praeceptum:
356 2052 439 2098 curn
464 2027 571 2098 etiam
598 2026 752 2097 viventes
769 2051 810 2098 ac
826 2027 1087 2125 peregrinantes

101 2138 141 2209 in
167 2153 261 2210 terra
285 2137 407 2208 fratres
431 2138 469 2208 in
499 2138 610 2209 nostri
639 2135 807 2208 auxilium
832 2139 994 2210 invocare
1029 2137 1087 2209 ad·

7 2283 9 2302 ν
102 2249 306 2345 hortarique
331 2246 436 2319 liceat
452 2273 493 2348 ac
513 2249 635 2346 juvet,
658 2247 897 2348 exemplisque
918 2248 1088 2348 probetur

104 2357 298 2432 divinarum
326 2359 584 2457 scripturarum
609 2361 1089 2458 sanctorumque-Majorum.

114 2530 116 2540 .
155 2468 183 2563 §-
211 2467 244 2539 5.
268 2469 354 2540 Post
378 2469 458 2572 haec
480 2493 634 2566 pronum
660 2483 733 2558 est,
759 2467 995 2542 sectariorum
1020 2471 1089 2570 spi·

102 2577 180 2652 cula
198 2604 218 2648 e
235 2578 423 2677 scripturis
447 2603 633 2676 perperam
651 2601 777 2648 excusa
803 2577 1001 2650 retundere.
1027 2579 1086 2651 sic

104 2687 143 2758 in
169 2687 444 2760 Deuteronomio
463 2703 499 2758 et
516 2685 561 2757 ad
585 2685 815 2757 Timotheum
833 2687 908 2760 Deo
926 2685 991 2758 soli
1018 2711 1087 2758 ser·

103 2796 198 2868 vitus
223 2810 260 2866 et
286 2797 398 2868 honos
424 2793 551 2868 dicitur
576 2793 854 2894 impendendum
879 2793 946 2866 sed.
976 2795 1092 2872 harim.

104 2921 142 2976 et
167 2904 593 3005 supremus-intelligitur.
619 2904 724 2976 llunc
751 2927 891 3001 quoque
916 2904 1017 2976 Esth.
1037 2902 1087 2976 13,

13 3033 15 3120 ’ἵ
105 3017 351 3091 Mardochaeus
376 3018 549 3090 recusavit
574 3017 722 3107 Amani,
748 3016 809 3113 qui
834 3014 940 3086 talem
967 3040 1010 3088 ex
1042 3015 1087 3086 D.

14 3121 16 3192 l
104 3129 243 3200 Thoma
269 3127 411 3225 aliisque
437 3127 503 3200 sibi
528 3126 740 3226 efflagitabat
759 3124 1088 3226 impudentissime;

15 3233 16 3281 t
105 3236 200 3308 haud
225 3262 311 3310 vero
336 3237 500 3334 negavit,
524 3235 727 3336 religiosum
753 3249 789 3308 et
815 3233 920 3306 duliae
946 3234 983 3304 in
1018 3231 1087 3304 Dei

16 3337 18 3398 l
107 3373 225 3422 servos
258 3373 333 3420 esse
368 3345 632 3424 conserendum.
665 3347 791 3418 Petrus
817 3359 935 3416 autem
966 3341 1086 3414 dicens

18 3497 19 3579 p
109 3453 313 3536 Centurioni
339 3456 492 3528 cohortis
517 3454 649 3528 Italicae
675 3452 838 3526 Cornelio
856 3467 921 3524 act
941 3453 1000 3542 tt,
1017 3473 1090 3522 sur·

19 3595 20 3602 ¹
105 3586 163 3658 ge,
188 3575 222 3632 ct
247 3585 309 3657 ego
337 3565 408 3658 ipse
434 3561 542 3643 homo
560 3587 656 3648 sum,
674 3560 909 3632 humilitatem
927 3561 996 3630 hoc
1015 3582 1089 3628 mo·

110 3667 156 3740 do
168 3694 269 3740 suam
286 3669 452 3761 ostendit,
469 3672 517 3741 ait
534 3673 817 3769 Chrysostomus,
830 3669 1089 3742 centurionem·

108 3805 178 3876 que
204 3781 368 3872 monuit,
401 3781 547 3878 gratiam
582 3796 621 3852 ut
656 3805 800 3853 onmem
832 3779 909 3852 Deo
943 3775 1090 3849 referret

108 3902 314 3986 acceptam,
339 3887 491 3986 aliosque
526 3913 569 3962 eo
601 3903 706 3989 pacto
741 3903 777 3960 et
812 3883 974 3987 exemplo
1011 3905 1090 3954 cou-

166 4019 255 4068 ron.
281 4020 315 4067 11
342 4020 425 4070 ror.
452 4021 468 4067 1
992 3989 1040 4060 14
