2942 4962
243 491 286 538 nn
304 487 410 538 curru
429 488 557 537 crmsrr
575 489 617 536 rr
634 490 679 537 ss.
689 521 699 557 ,
715 490 824 550 uarro.
841 492 884 538 rr
902 493 950 538 m.
1011 471 1082 542 ll'l'

119 587 315 674 martyrum
339 572 516 645 honores?
542 573 665 648 Nonne
690 573 836 666 cultum,
852 576 897 646 ad
923 576 1090 650 Coclitum

116 681 296 780 obsequia,
321 707 496 754 sacrarum
522 709 661 781 quoque
683 683 904 782 reliquiarum
928 686 1093 762 festivum

119 819 160 864 ac
184 794 297 892 pium,
322 792 419 866 omui
445 808 563 864 tamen
589 793 710 864 abacta
728 797 984 894 superstitione,
1001 827 1093 874 com·

119 897 354 974 mandamus?
380 899 433 972 De
458 901 514 973 his
539 927 621 976 vero
647 903 838 1003 speciatim.

312 1072 315 1080 ’
394 1066 644 1166 lleliquiarum
683 1067 819 1142 Cultus.

130 1289 134 1297 .
172 1227 318 1300 Cultum
342 1253 437 1301 nunc
461 1227 646 1304 relativum
672 1231 898 1330 attingimus,
925 1235 1097 1336 imprimis

131 1063 137 1170 ‚

121 1335 346 1434 reliquiarum
364 1338 492 1410 Christi
510 1339 751 1412 etScrvorum
769 1343 852 1441 ejus3
866 1345 1097 1442 respectivum

122 1460 265 1546 postero
290 1448 393 1547 hujus
417 1446 619 1548 appendicis
644 1467 826 1547 segmento
860 1450 1099 1551 perlustraturi

120 1558 257 1634 cultum
275 1583 451 1632 sacrarum
467 1558 670 1656 imaginum.
691 1562 828 1634 Furunt
845 1562 882 1632 in
900 1585 1012 1634 sacras
1029 1580 1101 1634 om·

122 1677 196 1740 ues'
209 1666 372 1766 reliquias
396 1666 528 1758 iidem,
553 1669 613 1766 qui
638 1669 674 1740 in
699 1670 868 1768 imagines
886 1668 1109 1744 debacchata

122 1789 203 1866 tur,
228 1776 368 1868 hostes3
395 1802 546 1874 quorum
578 1778 672 1852 infra
703 1777 885 1852 dumtaxat
917 1794 1093 1858 struamus

122 1912 259 1985 agmen.
276 1888 430 1961 Crucem
447 1887 556 1961 modo
575 1889 702 1963 Christi
719 1915 838 1964 veram
855 1917 896 1962 ac
912 1890 1097 1982 vivificam,

122 2024 300 2074 sacrarum
329 2000 489 2072 omnium
522 1999 748 2099 reliquiarum
777 2002 999 2104 principem,
1023 2002 1099 2072 siue

122 2108 249 2182 hellino
273 2126 395 2184 conua
421 2111 602 2186 damnatos
622 2113 696 2212 jam
723 2115 989 2188 Stauromachos
1010 2127 1098 2184 aestu

122 2358 326 2538 φξυίίῗῦι
343 2465 449 2542 porro
468 2442 574 2517 Crux
591 2468 672 2517 vera
688 2444 819 2516 Christi
836 2442 975 2534 dicitur,
992 2471 1098 2542 quam

123 2659 196 2738 bris
222 2663 422 2758 decorarit,
446 2667 723 2766 purpuravitquc
749 2668 802 2738 sui
836 2665 954 2740 divini
968 2667 1101 2762 sangui·

123 2777 178 2847 uis
203 2776 343 2848 salutari
368 2803 470 2869 rore,
495 2792 532 2848 et
565 2777 707 2850 Haetena
732 2792 850 2850 sancta
881 2777 1100 2850 Constantini

122 2885 237 2956 Mater
260 2885 404 2959 invenit
432 2885 668 2958 sacrosanctae
692 2901 811 2964 autem
836 2886 917 2957 huic
946 2882 1099 2982 reliquie

123 2995 297 3068 accedunt
322 2997 449 3096 Spinae,
466 2996 574 3088 Clavi,
598 2999 744 3088 Lancea,
777 2997 920 3087 Tunica,
944 2996 973 3066 F
975 2995 1097 3086 asciae,

125 3107 261 3198 Lintea,
286 3108 567 3196 Monumentum,
592 3133 751 3206 praesepe
776 3105 973 3196 Bethleem,
998 3129 1101 3178 mons

125 3213 318 3306 Olivarum,
345 3215 499 3289 Calvaria
517 3241 557 3287 ac
575 3216 670 3308 Sion,
687 3213 1100 3312 aliaque-similiainstru·

10 3353 11 3358 ¹
123 3337 244 3395 menta
261 3337 297 3394 et
313 3322 388 3395 loca
406 3339 536 3396 nostrae
561 3323 693 3396 salutis.
706 3355 740 3392 μ
759 3324 911 3395 Crucem
936 3322 1053 3418 itaque
1071 3319 1099 3390 si

10 3453 11 3520 ,
126 3448 265 3532 spectes
291 3461 358 3505 una
383 3460 467 3506 cum
492 3435 575 3506 Jesu
601 3433 653 3505 illi
670 3433 803 3524 sullixo,
819 3429 963 3504 evidens
982 3445 1043 3520 est>
1059 3427 1103 3499 ¹⁸·
1194 3526 1195 3530 ,
1225 3419 1227 3426 >

126 3546 196 3615 tria
221 3544 447 3635 adorandam,
472 3547 552 3641 quia
577 3561 663 3618 tunc
688 3546 808 3617 Jcsum
835 3539 1026 3622 adoramus:
1045 3565 1105 3612 un·

124 3649 266 3724 dehoc
290 3679 393 3726 sensu
419 3655 451 3724 ei
477 3654 573 3724 cruci
608 3651 764 3752 psallitur
793 3650 836 3720 ab
862 3649 1041 3738 Ecclesia,
1072 3645 1104 3716 Ο

126 3760 253 3851 Crux,
268 3789 331 3836 ave
348 3790 423 3862 spes
440 3763 664 3836 unica-dele
680 3761 832 3834 criuuna
842 3802 866 3815 -
876 3759 1011 3854 adauge
1026 3779 1104 3851 gro·

128 3875 226 3946 tram.

125 2236 187 2292 aut
209 2222 356 2322 impetu,
381 2250 465 2298 cum
490 2221 618 2297 donata
643 2224 739 2297 illinc
756 2225 858 2298 nobis
874 2250 973 2326 pace,
996 2224 1100 2324 respi·
1218 2277 1220 2282 .

122 2553 209 2652 ipse,
233 2551 345 2624 factus
361 2553 544 2652 piacularis
561 2555 684 2644 hostia,
701 2553 865 2654 pendulis
880 2557 916 2628 in
933 2581 1100 2628 eamem·
1216 2648 1220 2658 „
