2942 4962
157 581 159 586 ,
320 529 364 576 ur
389 527 474 578 vanu
499 528 630 578 unnrsrr
656 530 909 582 sansana-nona
1027 509 1093 589 iii

122 619 256 690 ratiorm
281 615 375 688 orbis
400 617 599 708 suffecisset,
626 615 697 691 non
715 621 795 717 quia
813 621 1023 722 supponitur
1047 651 1102 699 ecs

119 726 271 826 captatio
297 723 423 819 divina,
448 742 488 797 ut
514 726 657 825 quidam
684 745 864 828 exponunt
885 731 1005 832 inepte
1024 759 1100 808 ven

123 835 167 908 ha
195 836 397 929 Clementis,
422 837 495 930 sed,
521 841 569 910 ait
593 840 679 940 ipse,
694 822 837 936 propter
859 845 1030 917 unionem
1054 845 1105 918 od

126 943 311 1021 Verbum:
337 962 374 1018 et
399 961 659 1040 tamencum,
684 951 810 1048 inquit,
836 977 999 1026 cruorem
1026 981 1101 1055 pre·

119 1057 347 1130 tiosissinrum
380 1062 518 1155 copiose
549 1059 642 1132 velut
675 1061 855 1160 quoddam
878 1063 1100 1162 profluvium

119 1170 280 1239 noscitur
303 1166 480 1265 effitdisse.
506 1171 602 1268 Ergo
621 1187 705 1243 etc..
723 1171 741 1208 *

121 1303 124 1308 ·
169 1275 272 1347 Proh.
301 1279 339 1345 2²
355 1304 390 1375 p.
407 1276 557 1375 reliquas
575 1279 781 1376 assignando
799 1281 1028 1368 conditiones.
1046 1287 1100 1358 Sa·

116 1382 269 1455 tissactio
297 1385 427 1454 Christi
453 1385 519 1456 fuit
543 1413 615 1457 non
641 1387 755 1460 solum
781 1389 902 1478 libera,
929 1408 1099 1500 quatenus

116 1493 294 1566 iiberrirne
321 1495 442 1568 volens
468 1499 696 1596 semetipsum
721 1497 849 1572 obtulit
872 1501 909 1572 in
935 1519 1099 1597 mortem,

117 1633 162 1678 ao
187 1603 329 1676 tradidit
354 1605 389 1675 in
417 1609 579 1707 pretium:
603 1609 666 1680 sed
684 1611 800 1702 etiam,
817 1626 897 1683 utut
914 1613 1038 1686 Suares
1063 1629 1100 1687 et

117 1717 282 1816 Vasquez
308 1733 527 1813 argutantur,
553 1720 620 1791 fuit
644 1746 695 1792 ex
713 1724 884 1818 propriis·
912 1725 1003 1820 quia,
1028 1739 1098 1796 tan·

116 1852 228 1924 quarn
254 1853 314 1899 vas
330 1837 376 1898 'et
402 1855 549 1929 sponsor
574 1847 693 1903 nostra
721 1829 837 1902 debita
873 1857 1100 1930 expungens,

113 1935 284 2010 'satisfecit
309 1964 352 2008 ex
378 1941 581 2033 actionibus,
599 1969 677 2041 quae
693 1941 1099 2037 immediatemanarunt

115 2049 162 2121 ah
190 2051 427 2145 humanitate,
453 2081 531 2151 quae
557 2056 593 2125 in
619 2053 760 2127 Christo
786 2053 950 2128 translata
976 2069 1029 2126 est
1053 2054 1099 2126 ad

111 2163 172 2259 jus
198 2163 382 2260 proprium
408 2169 479 2234 stiae
498 2163 624 2238 divinae
640 2188 799 2266 personae
816 2161 1098 2264 independentis:

115 2285 154 2341 ct
177 2272 245 2342 hoc
270 2287 454 2372 propterea
481 2275 610 2345 intuitu
637 2273 791 2345 actiones
808 2274 893 2373 ipsae
911 2272 1100 2346 satisfacto·

114 2382 188 2472 riae,
213 2381 339 2478 quibus
364 2409 438 2455 sese
465 2400 519 2457 tot
545 2385 690 2456 saturari
715 2385 824 2457 voluit
845 2383 1041 2485 opprobriis
1058 2409 1099 2458 ac

114 2507 171 2564 tot
196 2490 284 2564 affici
311 2493 519 2566 Trinitatem
545 2494 729 2592 obsequiis,
747 2493 811 2565 sub
828 2494 972 2594 proprio
989 2491 1099 2566 domi·

114 2604 177 2675 nio
204 2603 346 2676 suerunt
372 2631 442 2676 suae
469 2605 556 2677 item
581 2631 740 2705 personae
766 2604 903 2676 divinae.
939 2605 1029 2676 Hinc
1055 2629 1095 2675 ea

114 2711 301 2788 satisfactio
327 2714 393 2786 suit
417 2741 557 2815 quoque
583 2739 634 2787 ex
659 2715 748 2785 olias
773 2711 953 2798 indebitis,
979 2707 1097 2808 quate·

159 3043 166 3060 '
185 3043 289 3108 Scilicet,
306 3045 373 3096 valor
390 3045 558 3096 satisfactionis
575 3046 707 3094 aestimatur
719 3058 750 3092 ex
762 3043 879 3108 dignitate
904 3042 1014 3109 persona
1029 3043 1098 3090 satis·

114 3135 242 3202 facientis,
258 3156 312 3206 quae
329 3148 366 3188 cst
383 3140 527 3208 principium
545 3131 631 3206 quod,
647 3141 723 3186 immo
746 3147 771 3187 et
788 3152 842 3204 pars
859 3134 923 3186 iltius
940 3133 986 3184 sub
1003 3131 1044 3184 iilo
1061 3147 1096 3182 ra·

112 3241 207 3302 spectra
220 3251 275 3284 nam
293 3237 395 3301 seipsam
413 3235 457 3284 dat
473 3237 498 3285 in
523 3238 637 3304 pretinm,
655 3235 749 3302 etipsa
766 3248 792 3283 se
809 3229 928 3280 humiliat:
942 3245 1027 3280 verum
1044 3245 1088 3296 per

112 3305 173 3378 sona
191 3327 281 3379 Christi
299 3338 336 3378 est
352 3329 492 3398 simpliciter
509 3332 620 3382 infinita:
638 3345 714 3398 quare
731 3337 757 3378 et
770 3325 824 3394 ejus
836 3324 967 3376 satisfactio
982 3331 1022 3374 est
1038 3325 1096 3374 sim·

114 3419 207 3487 pliciter
223 3421 314 3472 infiniti
331 3421 427 3486 valoris,
445 3441 522 3492 quum
539 3426 630 3492 peccati
649 3422 740 3472 malitia
757 3423 892 3470 extrinsece
910 3425 1005 3468 tanturn
1018 3419 1050 3467 sit
1060 3417 1098 3466 in-

113 3515 189 3566 finita.
207 3517 271 3582 Ergo
287 3518 416 3568 satisfactio
433 3519 455 3569 J.
474 3519 503 3569 C.
522 3536 572 3568 non
589 3535 620 3568 ex
636 3516 686 3567 sola
705 3518 751 3567 Dei
763 3516 910 3584 acceptantis
922 3521 984 3564 etc..
1002 3512 1096 3563 Consu·

105 3608 146 3659 iite
163 3609 305 3678 Angelicurn
321 3611 455 3661 Doctorern
472 3613 486 3663 3
504 3629 529 3679 p.
546 3628 571 3679 q.
589 3611 621 3662 ts
638 3628 661 3660 a.
679 3609 704 3672 2,
721 3608 763 3658 ubi
780 3607 826 3658 alia
843 3609 874 3658 ad
891 3606 942 3656 haec
958 3603 1053 3654 ooniert
1069 3607 1096 3650 et

112 3705 219 3771 angelice
237 3714 333 3770 versat3
351 3706 416 3756 unde
432 3709 504 3757 etiam
523 3707 642 3771 rapiatis
659 3702 730 3753 aliam
740 3703 796 3753 ideo
809 3702 967 3752 Scotistarum
979 3696 1095 3765 opinatio·

21 3767 22 3836 i
113 3815 180 3861 nem,
198 3799 264 3867 quod
281 3798 411 3864 satisfactio
428 3797 518 3848 Chn‘sti
536 3794 603 3860 hand
620 3795 700 3859 suerit,
717 3796 742 3844 in
759 3783 1098 3858 generemotis,simp1icitar

112 3889 200 3940 infiniti
217 3889 313 3940 valoris·
331 3891 415 3956 Qualis
429 3893 453 3950 ,ei
470 3904 572 3956 persona
591 3889 696 3952 valorem
707 3883 812 3935 indidit?
830 3887 932 3950 ipsamet
943 3881 1018 3930 divini
1027 3875 1094 3929 Ver·-

114 3979 155 4032 u:
172 3998 229 4049 ergo
246 3969 388 4050 inuida-ut
403 3985 461 4051 uu,
478 3963 573 4038 rann
589 3980 723 4046 intutum,
740 3977 821 4030 ovina
838 3975 963 4028 arvinum!
